<?xml version="1.0" encoding="UTF-8"?>
<!DOCTYPE html PUBLIC "-//W3C//DTD XHTML 1.0 Transitional//EN"
    "http://www.w3.org/TR/xhtml1/DTD/xhtml1-transitional.dtd">
<html xmlns="http://www.w3.org/1999/xhtml" xml:lang="en" lang="en">
 <head>
  <title>
</title>
<meta http-equiv="Content-Type" content="text/html;charset=utf-8" />
  <meta name='ocr-system' content='tesseract 3.04.00' />
  <meta name='ocr-capabilities' content='ocr_page ocr_carea ocr_par ocr_line ocrx_word'/>
</head>
<body>
  <div class='ocr_page' id='page_1' title='image "./exhistoriaeroma00pategoog_0061.png"; bbox 0 0 2422 3848; ppageno 0'>
   <div class='ocr_carea' id='block_1_1' title="bbox 150 187 669 253">
    <p class='ocr_par' dir='ltr' id='par_1_1' title="bbox 150 187 669 253">
     <span class='ocr_line' id='line_1_1' title="bbox 150 187 669 253; baseline 0 0"><span class='ocrx_word' id='word_1_1' title='bbox 150 190 193 253; x_wconf 86' lang='lat'><strong>50</strong></span> <span class='ocrx_word' id='word_1_2' title='bbox 642 187 669 240; x_wconf 89' lang='grc' dir='ltr'>Π</span> 
     </span>
    </p>
   </div>
   <div class='ocr_carea' id='block_1_2' title="bbox 119 351 1176 611">
    <p class='ocr_par' dir='ltr' id='par_1_2' title="bbox 119 351 1176 611">
     <span class='ocr_line' id='line_1_2' title="bbox 119 351 1175 435; baseline -0.002 -19"><span class='ocrx_word' id='word_1_3' title='bbox 119 357 275 435; x_wconf 87' lang='lat' dir='ltr'><strong>4aperuit.</strong></span> <span class='ocrx_word' id='word_1_4' title='bbox 309 354 431 415; x_wconf 83' lang='lat' dir='ltr'>Catilina</span> <span class='ocrx_word' id='word_1_5' title='bbox 454 362 536 415; x_wconf 90' lang='lat' dir='ltr'><strong>metu</strong></span> <span class='ocrx_word' id='word_1_6' title='bbox 560 353 725 413; x_wconf 91' lang='lat' dir='ltr'><strong>consularis</strong></span> <span class='ocrx_word' id='word_1_7' title='bbox 744 354 862 430; x_wconf 89' lang='lat' dir='ltr'><strong>imperii</strong></span> <span class='ocrx_word' id='word_1_8' title='bbox 885 351 959 412; x_wconf 89' lang='lat' dir='ltr'><strong>urhe</strong></span> <span class='ocrx_word' id='word_1_9' title='bbox 978 351 1088 430; x_wconf 91' lang='lat' dir='ltr'><strong>pulsus</strong></span> <span class='ocrx_word' id='word_1_10' title='bbox 1113 362 1175 433; x_wconf 80' lang='lat' dir='ltr'><strong>est3</strong></span> 
     </span>
     <span class='ocr_line' id='line_1_3' title="bbox 149 439 1176 527; baseline -0.001 -23"><span class='ocrx_word' id='word_1_11' title='bbox 149 444 294 527; x_wconf 72' lang='lat' dir='ltr'><strong>Lentulus</strong></span> <span class='ocrx_word' id='word_1_12' title='bbox 318 443 482 503; x_wconf 89' lang='lat' dir='ltr'><strong>consularis</strong></span> <span class='ocrx_word' id='word_1_13' title='bbox 506 450 535 502; x_wconf 92' lang='lat' dir='ltr'><strong>et</strong></span> <span class='ocrx_word' id='word_1_14' title='bbox 557 449 679 522; x_wconf 88' lang='lat' dir='ltr'><strong>praetor</strong></span> <span class='ocrx_word' id='word_1_15' title='bbox 701 443 811 501; x_wconf 91' lang='lat' dir='ltr'><strong>iterum</strong></span> <span class='ocrx_word' id='word_1_16' title='bbox 831 439 1041 519; x_wconf 84' lang='lat' dir='ltr'><strong>Cethegusque</strong></span> <span class='ocrx_word' id='word_1_17' title='bbox 1065 449 1100 502; x_wconf 87' lang='lat' dir='ltr'><strong>et</strong></span> <span class='ocrx_word' id='word_1_18' title='bbox 1125 441 1176 503; x_wconf 91' lang='lat' dir='ltr'><strong>alii</strong></span> 
     </span>
     <span class='ocr_line' id='line_1_4' title="bbox 150 529 1175 611; baseline -0.002 -18"><span class='ocrx_word' id='word_1_19' title='bbox 150 533 221 594; x_wconf 87' lang='lat' dir='ltr'><strong>clari</strong></span> <span class='ocrx_word' id='word_1_20' title='bbox 240 534 369 592; x_wconf 91' lang='lat' dir='ltr'><strong>nominis</strong></span> <span class='ocrx_word' id='word_1_21' title='bbox 388 533 442 591; x_wconf 89' lang='lat' dir='ltr'><strong>viri</strong></span> <span class='ocrx_word' id='word_1_22' title='bbox 462 539 584 591; x_wconf 91' lang='lat' dir='ltr'><strong>auctore</strong></span> <span class='ocrx_word' id='word_1_23' title='bbox 604 537 721 611; x_wconf 88' lang='lat' dir='ltr'><strong>senatu,</strong></span> <span class='ocrx_word' id='word_1_24' title='bbox 740 532 824 590; x_wconf 90' lang='lat' dir='ltr'><strong>iussn</strong></span> <span class='ocrx_word' id='word_1_25' title='bbox 844 529 974 590; x_wconf 91' lang='lat' dir='ltr'><strong>consulis</strong></span> <span class='ocrx_word' id='word_1_26' title='bbox 993 531 1025 589; x_wconf 91' lang='lat' dir='ltr'><strong>in</strong></span> <span class='ocrx_word' id='word_1_27' title='bbox 1046 547 1175 591; x_wconf 87' lang='lat' dir='ltr'><strong>carcere</strong></span> 
     </span>
    </p>
   </div>
   <div class='ocr_carea' id='block_1_3' title="bbox 120 624 1194 789">
    <p class='ocr_par' dir='ltr' id='par_1_3' title="bbox 120 624 1194 789">
     <span class='ocr_line' id='line_1_5' title="bbox 149 624 348 683; baseline -0.01 0"><span class='ocrx_word' id='word_1_28' title='bbox 149 624 247 683; x_wconf 89' lang='lat' dir='ltr'><strong>necati</strong></span> <span class='ocrx_word' id='word_1_29' title='bbox 270 629 348 681; x_wconf 88' lang='lat' dir='ltr'><strong>sunt.</strong></span> 
     </span>
     <span class='ocr_line' id='line_1_6' title="bbox 120 706 1194 789; baseline -0.003 -19"><span class='ocrx_word' id='word_1_30' title='bbox 120 725 132 770; x_wconf 94' lang='lat'>1</span> <span class='ocrx_word' id='word_1_31' title='bbox 238 706 290 770; x_wconf 82' lang='lat'><strong>35.</strong></span> <span class='ocrx_word' id='word_1_32' title='bbox 341 707 392 768; x_wconf 92' lang='lat' dir='ltr'><strong>Ille</strong></span> <span class='ocrx_word' id='word_1_33' title='bbox 427 716 546 768; x_wconf 88' lang='lat' dir='ltr'><strong>senatus</strong></span> <span class='ocrx_word' id='word_1_34' title='bbox 578 707 655 789; x_wconf 89' lang='lat' dir='ltr'><strong>dies,</strong></span> <span class='ocrx_word' id='word_1_35' title='bbox 691 726 750 786; x_wconf 91' lang='lat' dir='ltr'><strong>quo</strong></span> <span class='ocrx_word' id='word_1_36' title='bbox 783 706 857 767; x_wconf 88' lang='lat' dir='ltr'><strong>haec</strong></span> <span class='ocrx_word' id='word_1_37' title='bbox 892 715 956 767; x_wconf 88' lang='lat' dir='ltr'><strong>acta</strong></span> <span class='ocrx_word' id='word_1_38' title='bbox 989 713 1075 788; x_wconf 88' lang='lat' dir='ltr'><strong>sunt,</strong></span> <span class='ocrx_word' id='word_1_39' title='bbox 1116 708 1194 768; x_wconf 75' lang='lat' dir='ltr'><strong>viri</strong></span> 
     </span>
    </p>
   </div>
   <div class='ocr_carea' id='block_1_4' title="bbox 85 795 1211 2736">
    <p class='ocr_par' dir='ltr' id='par_1_4' title="bbox 85 795 1211 2736">
     <span class='ocr_line' id='line_1_7' title="bbox 148 795 1176 876; baseline -0.002 -17"><span class='ocrx_word' id='word_1_40' title='bbox 148 807 244 859; x_wconf 86' lang='lat' dir='ltr'><strong>tutem</strong></span> <span class='ocrx_word' id='word_1_41' title='bbox 267 797 305 856; x_wconf 86' lang='lat' dir='ltr'><strong>u.</strong></span> <span class='ocrx_word' id='word_1_42' title='bbox 330 796 449 857; x_wconf 83' lang='lat' dir='ltr'><strong>Catonis</strong></span> <span class='ocrx_word' id='word_1_43' title='bbox 473 799 530 856; x_wconf 89' lang='lat' dir='ltr'><strong>iam</strong></span> <span class='ocrx_word' id='word_1_44' title='bbox 558 797 661 857; x_wconf 91' lang='lat' dir='ltr'><strong>multis</strong></span> <span class='ocrx_word' id='word_1_45' title='bbox 688 798 719 855; x_wconf 89' lang='lat' dir='ltr'><strong>in</strong></span> <span class='ocrx_word' id='word_1_46' title='bbox 748 795 840 856; x_wconf 90' lang='lat' dir='ltr'><strong>rebus</strong></span> <span class='ocrx_word' id='word_1_47' title='bbox 864 797 1057 874; x_wconf 82' lang='lat' dir='ltr'><strong>conspicuam</strong></span> <span class='ocrx_word' id='word_1_48' title='bbox 1081 803 1176 876; x_wconf 86' lang='lat' dir='ltr'><strong>atquc</strong></span> 
     </span>
     <span class='ocr_line' id='line_1_8' title="bbox 118 883 1175 965; baseline -0.001 -18"><span class='ocrx_word' id='word_1_49' title='bbox 118 888 367 965; x_wconf 82' lang='lat' dir='ltr'><strong>spraenitentem</strong></span> <span class='ocrx_word' id='word_1_50' title='bbox 398 887 429 945; x_wconf 92' lang='lat' dir='ltr'><strong>in</strong></span> <span class='ocrx_word' id='word_1_51' title='bbox 463 885 605 946; x_wconf 89' lang='lat' dir='ltr'><strong>altissimo</strong></span> <span class='ocrx_word' id='word_1_52' title='bbox 639 885 767 946; x_wconf 90' lang='lat' dir='ltr'><strong>culmine</strong></span> <span class='ocrx_word' id='word_1_53' title='bbox 800 883 915 946; x_wconf 87' lang='lat' dir='ltr'><strong>locavit.</strong></span> <span class='ocrx_word' id='word_1_54' title='bbox 967 884 1015 943; x_wconf 90' lang='lat' dir='ltr'><strong>hic</strong></span> <span class='ocrx_word' id='word_1_55' title='bbox 1049 887 1175 964; x_wconf 85' lang='lat' dir='ltr'><strong>genitus</strong></span> 
     </span>
     <span class='ocr_line' id='line_1_9' title="bbox 148 972 1176 1056; baseline 0 -23"><span class='ocrx_word' id='word_1_56' title='bbox 148 992 258 1053; x_wconf 88' lang='lat' dir='ltr'><strong>proavo</strong></span> <span class='ocrx_word' id='word_1_57' title='bbox 285 973 322 1033; x_wconf 89' lang='lat' dir='ltr'><strong>M.</strong></span> <span class='ocrx_word' id='word_1_58' title='bbox 351 972 475 1056; x_wconf 85' lang='lat' dir='ltr'><strong>Catone,</strong></span> <span class='ocrx_word' id='word_1_59' title='bbox 507 977 642 1054; x_wconf 81' lang='lat' dir='ltr'><strong>principe</strong></span> <span class='ocrx_word' id='word_1_60' title='bbox 672 973 722 1033; x_wconf 94' lang='lat' dir='ltr'><strong>illo</strong></span> <span class='ocrx_word' id='word_1_61' title='bbox 753 972 878 1033; x_wconf 81' lang='lat' dir='ltr'><strong>familiae</strong></span> <span class='ocrx_word' id='word_1_62' title='bbox 908 973 1048 1054; x_wconf 82' lang='lat' dir='ltr'><strong>Porciae,</strong></span> <span class='ocrx_word' id='word_1_63' title='bbox 1080 973 1176 1051; x_wconf 84' lang='lat' dir='ltr'><strong>homo</strong></span> 
     </span>
     <span class='ocr_line' id='line_1_10' title="bbox 149 1061 1175 1142; baseline 0.001 -21"><span class='ocrx_word' id='word_1_64' title='bbox 149 1063 258 1123; x_wconf 75' lang='lat' dir='ltr'><strong>Virtuti</strong></span> <span class='ocrx_word' id='word_1_65' title='bbox 281 1062 446 1122; x_wconf 89' lang='lat' dir='ltr'><strong>simillimus</strong></span> <span class='ocrx_word' id='word_1_66' title='bbox 470 1070 500 1123; x_wconf 93' lang='lat' dir='ltr'><strong>et</strong></span> <span class='ocrx_word' id='word_1_67' title='bbox 521 1082 576 1142; x_wconf 90' lang='lat' dir='ltr'><strong>per</strong></span> <span class='ocrx_word' id='word_1_68' title='bbox 600 1065 698 1122; x_wconf 93' lang='lat' dir='ltr'><strong>omnia</strong></span> <span class='ocrx_word' id='word_1_69' title='bbox 720 1064 840 1140; x_wconf 82' lang='lat' dir='ltr'><strong>ingenio</strong></span> <span class='ocrx_word' id='word_1_70' title='bbox 861 1063 918 1122; x_wconf 91' lang='lat' dir='ltr'><strong>diis</strong></span> <span class='ocrx_word' id='word_1_71' title='bbox 938 1078 1025 1141; x_wconf 92' lang='lat' dir='ltr'><strong>quam</strong></span> <span class='ocrx_word' id='word_1_72' title='bbox 1042 1061 1175 1122; x_wconf 70' lang='lat' dir='ltr'><strong>trontius·</strong></span> 
     </span>
     <span class='ocr_line' id='line_1_11' title="bbox 147 1149 1199 1233; baseline 0.001 -22"><span class='ocrx_word' id='word_1_73' title='bbox 147 1151 204 1212; x_wconf 93' lang='lat' dir='ltr'><strong>bus</strong></span> <span class='ocrx_word' id='word_1_74' title='bbox 227 1154 363 1232; x_wconf 82' lang='lat' dir='ltr'><strong>propior,</strong></span> <span class='ocrx_word' id='word_1_75' title='bbox 387 1153 439 1230; x_wconf 92' lang='lat' dir='ltr'><strong>qui</strong></span> <span class='ocrx_word' id='word_1_76' title='bbox 457 1169 619 1229; x_wconf 81' lang='lat' dir='ltr'><strong>numquam</strong></span> <span class='ocrx_word' id='word_1_77' title='bbox 637 1158 719 1211; x_wconf 91' lang='lat' dir='ltr'><strong>recte</strong></span> <span class='ocrx_word' id='word_1_78' title='bbox 736 1150 819 1231; x_wconf 88' lang='lat' dir='ltr'><strong>iecit,</strong></span> <span class='ocrx_word' id='word_1_79' title='bbox 843 1159 877 1211; x_wconf 90' lang='lat' dir='ltr'><strong>ut</strong></span> <span class='ocrx_word' id='word_1_80' title='bbox 891 1151 989 1210; x_wconf 87' lang='lat' dir='ltr'><strong>lacere</strong></span> <span class='ocrx_word' id='word_1_81' title='bbox 1003 1149 1199 1233; x_wconf 79' lang='lat' dir='ltr'><strong>videretur,¹l</strong></span> 
     </span>
     <span class='ocr_line' id='line_1_12' title="bbox 148 1238 1174 1319; baseline 0.001 -19"><span class='ocrx_word' id='word_1_82' title='bbox 148 1241 200 1300; x_wconf 90' lang='lat' dir='ltr'><strong>sed</strong></span> <span class='ocrx_word' id='word_1_83' title='bbox 225 1242 293 1319; x_wconf 89' lang='lat' dir='ltr'><strong>quia</strong></span> <span class='ocrx_word' id='word_1_84' title='bbox 317 1238 401 1300; x_wconf 87' lang='lat' dir='ltr'><strong>aliter</strong></span> <span class='ocrx_word' id='word_1_85' title='bbox 421 1239 519 1298; x_wconf 85' lang='lat' dir='ltr'><strong>facere</strong></span> <span class='ocrx_word' id='word_1_86' title='bbox 539 1258 599 1300; x_wconf 92' lang='lat' dir='ltr'><strong>non</strong></span> <span class='ocrx_word' id='word_1_87' title='bbox 615 1246 767 1319; x_wconf 90' lang='lat' dir='ltr'><strong>potuerat,</strong></span> <span class='ocrx_word' id='word_1_88' title='bbox 791 1242 899 1319; x_wconf 90' lang='lat' dir='ltr'><strong>cuique</strong></span> <span class='ocrx_word' id='word_1_89' title='bbox 914 1239 945 1299; x_wconf 93' lang='lat' dir='ltr'><strong>id</strong></span> <span class='ocrx_word' id='word_1_90' title='bbox 959 1238 1057 1298; x_wconf 90' lang='lat' dir='ltr'><strong>solum</strong></span> <span class='ocrx_word' id='word_1_91' title='bbox 1071 1241 1174 1301; x_wconf 85' lang='lat' dir='ltr'><strong>visum</strong></span> 
     </span>
     <span class='ocr_line' id='line_1_13' title="bbox 148 1326 1174 1408; baseline 0.001 -20"><span class='ocrx_word' id='word_1_92' title='bbox 148 1337 193 1388; x_wconf 84' lang='lat' dir='ltr'><strong>est</strong></span> <span class='ocrx_word' id='word_1_93' title='bbox 225 1329 371 1387; x_wconf 87' lang='lat' dir='ltr'><strong>rationem</strong></span> <span class='ocrx_word' id='word_1_94' title='bbox 407 1326 531 1407; x_wconf 87' lang='lat' dir='ltr'><strong>hahere,</strong></span> <span class='ocrx_word' id='word_1_95' title='bbox 568 1328 647 1405; x_wconf 89' lang='lat' dir='ltr'><strong>quod</strong></span> <span class='ocrx_word' id='word_1_96' title='bbox 679 1327 804 1388; x_wconf 89' lang='lat' dir='ltr'><strong>haberet</strong></span> <span class='ocrx_word' id='word_1_97' title='bbox 834 1329 991 1408; x_wconf 88' lang='lat' dir='ltr'><strong>iustitiam,</strong></span> <span class='ocrx_word' id='word_1_98' title='bbox 1027 1327 1174 1389; x_wconf 85' lang='lat' dir='ltr'><strong>omnihus</strong></span> 
     </span>
     <span class='ocr_line' id='line_1_14' title="bbox 147 1416 1173 1495; baseline 0.004 -21"><span class='ocrx_word' id='word_1_99' title='bbox 147 1416 284 1475; x_wconf 88' lang='lat' dir='ltr'><strong>humanis</strong></span> <span class='ocrx_word' id='word_1_100' title='bbox 307 1417 386 1475; x_wconf 90' lang='lat' dir='ltr'><strong>vitiis</strong></span> <span class='ocrx_word' id='word_1_101' title='bbox 409 1417 549 1476; x_wconf 90' lang='lat' dir='ltr'><strong>immunis</strong></span> <span class='ocrx_word' id='word_1_102' title='bbox 573 1434 691 1495; x_wconf 90' lang='lat' dir='ltr'><strong>semper</strong></span> <span class='ocrx_word' id='word_1_103' title='bbox 715 1417 867 1476; x_wconf 83' lang='lat' dir='ltr'><strong>fortunam</strong></span> <span class='ocrx_word' id='word_1_104' title='bbox 889 1419 920 1476; x_wconf 93' lang='lat' dir='ltr'><strong>in</strong></span> <span class='ocrx_word' id='word_1_105' title='bbox 942 1434 996 1477; x_wconf 89' lang='lat' dir='ltr'><strong>sua</strong></span> <span class='ocrx_word' id='word_1_106' title='bbox 1019 1423 1173 1494; x_wconf 74' lang='lat' dir='ltr'><strong>potestate</strong></span> 
     </span>
     <span class='ocr_line' id='line_1_15' title="bbox 117 1502 1173 1582; baseline 0.001 -17"><span class='ocrx_word' id='word_1_107' title='bbox 117 1502 260 1565; x_wconf 82' lang='lat' dir='ltr'><strong>shabuit.</strong></span> <span class='ocrx_word' id='word_1_108' title='bbox 305 1502 354 1563; x_wconf 87' lang='lat' dir='ltr'><strong>hic</strong></span> <span class='ocrx_word' id='word_1_109' title='bbox 383 1503 522 1564; x_wconf 88' lang='lat' dir='ltr'><strong>tribunus</strong></span> <span class='ocrx_word' id='word_1_110' title='bbox 549 1503 588 1582; x_wconf 94' lang='lat' dir='ltr'><strong>pl.</strong></span> <span class='ocrx_word' id='word_1_111' title='bbox 617 1505 788 1582; x_wconf 83' lang='lat' dir='ltr'><strong>designatus</strong></span> <span class='ocrx_word' id='word_1_112' title='bbox 818 1514 848 1564; x_wconf 90' lang='lat' dir='ltr'><strong>et</strong></span> <span class='ocrx_word' id='word_1_113' title='bbox 880 1504 975 1565; x_wconf 87' lang='lat' dir='ltr'><strong>adhuc</strong></span> <span class='ocrx_word' id='word_1_114' title='bbox 1007 1504 1173 1566; x_wconf 82' lang='lat' dir='ltr'><strong>admodum</strong></span> 
     </span>
     <span class='ocr_line' id='line_1_16' title="bbox 154 1591 1199 1673; baseline 0.001 -21"><span class='ocrx_word' id='word_1_115' title='bbox 154 1593 328 1653; x_wconf 89' lang='lat' dir='ltr'><strong>adulescens</strong></span> <span class='ocrx_word' id='word_1_116' title='bbox 333 1641 342 1673; x_wconf 93' lang='lat'><strong>,</strong></span> <span class='ocrx_word' id='word_1_117' title='bbox 365 1610 434 1653; x_wconf 91' lang='lat' dir='ltr'><strong>cum</strong></span> <span class='ocrx_word' id='word_1_118' title='bbox 457 1593 506 1652; x_wconf 92' lang='lat' dir='ltr'><strong>alii</strong></span> <span class='ocrx_word' id='word_1_119' title='bbox 525 1592 698 1673; x_wconf 88' lang='lat' dir='ltr'><strong>suaderent,</strong></span> <span class='ocrx_word' id='word_1_120' title='bbox 721 1600 755 1653; x_wconf 89' lang='lat' dir='ltr'><strong>ut</strong></span> <span class='ocrx_word' id='word_1_121' title='bbox 772 1610 827 1670; x_wconf 90' lang='lat' dir='ltr'><strong>per</strong></span> <span class='ocrx_word' id='word_1_122' title='bbox 846 1595 1006 1672; x_wconf 90' lang='lat' dir='ltr'><strong>municipia</strong></span> <span class='ocrx_word' id='word_1_123' title='bbox 1023 1591 1175 1655; x_wconf 81' lang='lat' dir='ltr'><strong>Lentulus</strong></span> <span class='ocrx_word' id='word_1_124' title='bbox 1190 1604 1199 1630; x_wconf 39' lang='lat'><strong>³⁴</strong></span> 
     </span>
     <span class='ocr_line' id='line_1_17' title="bbox 155 1681 1174 1762; baseline 0.002 -21"><span class='ocrx_word' id='word_1_125' title='bbox 155 1684 361 1760; x_wconf 88' lang='lat' dir='ltr'><strong>coniuratique</strong></span> <span class='ocrx_word' id='word_1_126' title='bbox 390 1681 625 1762; x_wconf 91' lang='lat' dir='ltr'><strong>custodirentur,</strong></span> <span class='ocrx_word' id='word_1_127' title='bbox 657 1698 751 1760; x_wconf 91' lang='lat' dir='ltr'><strong>paene</strong></span> <span class='ocrx_word' id='word_1_128' title='bbox 779 1683 858 1741; x_wconf 87' lang='lat' dir='ltr'><strong>inter</strong></span> <span class='ocrx_word' id='word_1_129' title='bbox 889 1681 1009 1741; x_wconf 90' lang='lat' dir='ltr'><strong>ultimos</strong></span> <span class='ocrx_word' id='word_1_130' title='bbox 1042 1684 1174 1743; x_wconf 82' lang='lat' dir='ltr'><strong>interro</strong></span> 
     </span>
     <span class='ocr_line' id='line_1_18' title="bbox 153 1770 1174 1852; baseline 0.005 -23"><span class='ocrx_word' id='word_1_131' title='bbox 153 1779 239 1849; x_wconf 88' lang='lat' dir='ltr'><strong>gatus</strong></span> <span class='ocrx_word' id='word_1_132' title='bbox 268 1772 459 1852; x_wconf 89' lang='lat' dir='ltr'><strong>sententiam,</strong></span> <span class='ocrx_word' id='word_1_133' title='bbox 491 1777 572 1829; x_wconf 87' lang='lat' dir='ltr'><strong>tanta</strong></span> <span class='ocrx_word' id='word_1_134' title='bbox 600 1773 628 1829; x_wconf 89' lang='lat' dir='ltr'><strong>vi</strong></span> <span class='ocrx_word' id='word_1_135' title='bbox 660 1771 751 1830; x_wconf 90' lang='lat' dir='ltr'><strong>animi</strong></span> <span class='ocrx_word' id='word_1_136' title='bbox 778 1777 865 1848; x_wconf 89' lang='lat' dir='ltr'><strong>atque</strong></span> <span class='ocrx_word' id='word_1_137' title='bbox 893 1770 1004 1848; x_wconf 84' lang='lat' dir='ltr'><strong>ingenii</strong></span> <span class='ocrx_word' id='word_1_138' title='bbox 1034 1772 1174 1833; x_wconf 87' lang='lat' dir='ltr'><strong>invectus</strong></span> 
     </span>
     <span class='ocr_line' id='line_1_19' title="bbox 153 1857 1211 1938; baseline 0.003 -20"><span class='ocrx_word' id='word_1_139' title='bbox 153 1868 197 1918; x_wconf 88' lang='lat' dir='ltr'><strong>est</strong></span> <span class='ocrx_word' id='word_1_140' title='bbox 225 1861 257 1917; x_wconf 94' lang='lat' dir='ltr'><strong>in</strong></span> <span class='ocrx_word' id='word_1_141' title='bbox 281 1860 531 1938; x_wconf 88' lang='lat' dir='ltr'><strong>coniurationem,</strong></span> <span class='ocrx_word' id='word_1_142' title='bbox 559 1876 594 1918; x_wconf 89' lang='lat' dir='ltr'><strong>eo</strong></span> <span class='ocrx_word' id='word_1_143' title='bbox 623 1857 728 1917; x_wconf 90' lang='lat' dir='ltr'><strong>ardore</strong></span> <span class='ocrx_word' id='word_1_144' title='bbox 757 1859 819 1917; x_wconf 91' lang='lat' dir='ltr'><strong>oris</strong></span> <span class='ocrx_word' id='word_1_145' title='bbox 848 1860 1013 1917; x_wconf 89' lang='lat' dir='ltr'><strong>orationem</strong></span> <span class='ocrx_word' id='word_1_146' title='bbox 1036 1862 1174 1921; x_wconf 90' lang='lat' dir='ltr'><strong>omnium</strong></span> <span class='ocrx_word' id='word_1_147' title='bbox 1210 1883 1211 1888; x_wconf 48' lang='lat'>¹</span> 
     </span>
     <span class='ocr_line' id='line_1_20' title="bbox 119 1945 1174 2029; baseline 0.004 -24"><span class='ocrx_word' id='word_1_148' title='bbox 119 1959 135 2005; x_wconf 80' lang='grc'>4</span> <span class='ocrx_word' id='word_1_149' title='bbox 152 1947 303 2007; x_wconf 88' lang='lat' dir='ltr'><strong>lenitatem</strong></span> <span class='ocrx_word' id='word_1_150' title='bbox 323 1946 512 2007; x_wconf 89' lang='lat' dir='ltr'><strong>suadentium</strong></span> <span class='ocrx_word' id='word_1_151' title='bbox 530 1949 671 2006; x_wconf 89' lang='lat' dir='ltr'><strong>societate</strong></span> <span class='ocrx_word' id='word_1_152' title='bbox 691 1945 807 2007; x_wconf 89' lang='lat' dir='ltr'><strong>consilii</strong></span> <span class='ocrx_word' id='word_1_153' title='bbox 826 1954 995 2024; x_wconf 90' lang='lat' dir='ltr'><strong>suspectam</strong></span> <span class='ocrx_word' id='word_1_154' title='bbox 1018 1946 1108 2029; x_wconf 84' lang='lat' dir='ltr'><strong>iecit,</strong></span> <span class='ocrx_word' id='word_1_155' title='bbox 1133 1951 1174 2009; x_wconf 86' lang='lat' dir='ltr'><strong>sic</strong></span> 
     </span>
     <span class='ocr_line' id='line_1_21' title="bbox 150 2033 1173 2113; baseline 0.004 -20"><span class='ocrx_word' id='word_1_156' title='bbox 150 2033 351 2112; x_wconf 89' lang='lat' dir='ltr'><strong>impendentia</strong></span> <span class='ocrx_word' id='word_1_157' title='bbox 374 2053 410 2094; x_wconf 80' lang='lat' dir='ltr'><strong>ex</strong></span> <span class='ocrx_word' id='word_1_158' title='bbox 433 2037 529 2096; x_wconf 91' lang='lat' dir='ltr'><strong>ruinis</strong></span> <span class='ocrx_word' id='word_1_159' title='bbox 552 2034 757 2113; x_wconf 88' lang='lat' dir='ltr'><strong>incendiisque</strong></span> <span class='ocrx_word' id='word_1_160' title='bbox 780 2033 864 2094; x_wconf 92' lang='lat' dir='ltr'><strong>urbis</strong></span> <span class='ocrx_word' id='word_1_161' title='bbox 888 2043 919 2095; x_wconf 89' lang='lat' dir='ltr'><strong>et</strong></span> <span class='ocrx_word' id='word_1_162' title='bbox 937 2039 1173 2099; x_wconf 87' lang='lat' dir='ltr'><strong>commutatione</strong></span> 
     </span>
     <span class='ocr_line' id='line_1_22' title="bbox 152 2122 1173 2207; baseline 0.004 -25"><span class='ocrx_word' id='word_1_163' title='bbox 152 2131 247 2182; x_wconf 86' lang='lat' dir='ltr'><strong>status</strong></span> <span class='ocrx_word' id='word_1_164' title='bbox 267 2122 378 2202; x_wconf 89' lang='lat' dir='ltr'><strong>publici</strong></span> <span class='ocrx_word' id='word_1_165' title='bbox 392 2123 525 2202; x_wconf 89' lang='lat' dir='ltr'><strong>pericula</strong></span> <span class='ocrx_word' id='word_1_166' title='bbox 542 2126 692 2204; x_wconf 81' lang='lat' dir='ltr'><strong>exposuit,</strong></span> <span class='ocrx_word' id='word_1_167' title='bbox 711 2127 752 2184; x_wconf 90' lang='lat' dir='ltr'><strong>ita</strong></span> <span class='ocrx_word' id='word_1_168' title='bbox 767 2123 897 2183; x_wconf 90' lang='lat' dir='ltr'><strong>consulis</strong></span> <span class='ocrx_word' id='word_1_169' title='bbox 912 2125 1055 2184; x_wconf 89' lang='lat' dir='ltr'><strong>virtutem</strong></span> <span class='ocrx_word' id='word_1_170' title='bbox 1069 2124 1173 2207; x_wconf 88' lang='lat' dir='ltr'><strong>ampli·</strong></span> 
     </span>
     <span class='ocr_line' id='line_1_23' title="bbox 150 2212 1174 2293; baseline 0.005 -23"><span class='ocrx_word' id='word_1_171' title='bbox 150 2212 261 2293; x_wconf 88' lang='lat' dir='ltr'><strong>ticavit,</strong></span> <span class='ocrx_word' id='word_1_172' title='bbox 288 2219 323 2271; x_wconf 90' lang='lat' dir='ltr'><strong>ut</strong></span> <span class='ocrx_word' id='word_1_173' title='bbox 345 2214 504 2272; x_wconf 89' lang='lat' dir='ltr'><strong>universus</strong></span> <span class='ocrx_word' id='word_1_174' title='bbox 528 2221 650 2272; x_wconf 89' lang='lat' dir='ltr'><strong>senatus</strong></span> <span class='ocrx_word' id='word_1_175' title='bbox 677 2214 708 2272; x_wconf 92' lang='lat' dir='ltr'><strong>in</strong></span> <span class='ocrx_word' id='word_1_176' title='bbox 732 2215 796 2272; x_wconf 90' lang='lat' dir='ltr'><strong>eius</strong></span> <span class='ocrx_word' id='word_1_177' title='bbox 825 2213 1003 2272; x_wconf 84' lang='lat' dir='ltr'><strong>sententiam</strong></span> <span class='ocrx_word' id='word_1_178' title='bbox 1026 2216 1174 2275; x_wconf 88' lang='lat' dir='ltr'><strong>transiret</strong></span> 
     </span>
     <span class='ocr_line' id='line_1_24' title="bbox 85 2300 1174 2382; baseline 0.004 -23"><span class='ocrx_word' id='word_1_179' title='bbox 85 2376 89 2382; x_wconf 15' lang='grc' dir='ltr'><em>η</em></span> <span class='ocrx_word' id='word_1_180' title='bbox 151 2300 503 2379; x_wconf 83' lang='lat' dir='ltr'><strong>animadvertendumque</strong></span> <span class='ocrx_word' id='word_1_181' title='bbox 531 2303 563 2360; x_wconf 93' lang='lat' dir='ltr'><strong>in</strong></span> <span class='ocrx_word' id='word_1_182' title='bbox 591 2319 656 2381; x_wconf 90' lang='lat' dir='ltr'><strong>eos,</strong></span> <span class='ocrx_word' id='word_1_183' title='bbox 685 2318 759 2379; x_wconf 88' lang='lat' dir='ltr'><strong>quos</strong></span> <span class='ocrx_word' id='word_1_184' title='bbox 786 2301 1000 2382; x_wconf 83' lang='lat' dir='ltr'><strong>praediximus,</strong></span> <span class='ocrx_word' id='word_1_185' title='bbox 1030 2311 1174 2365; x_wconf 87' lang='lat' dir='ltr'><strong>censeret</strong></span> 
     </span>
     <span class='ocr_line' id='line_1_25' title="bbox 150 2381 1211 2468; baseline 0.007 -20"><span class='ocrx_word' id='word_1_186' title='bbox 150 2392 303 2467; x_wconf 89' lang='lat' dir='ltr'><strong>maiorque</strong></span> <span class='ocrx_word' id='word_1_187' title='bbox 326 2406 395 2467; x_wconf 85' lang='lat' dir='ltr'><strong>pars</strong></span> <span class='ocrx_word' id='word_1_188' title='bbox 419 2389 532 2449; x_wconf 91' lang='lat' dir='ltr'><strong>ordinis</strong></span> <span class='ocrx_word' id='word_1_189' title='bbox 556 2392 621 2449; x_wconf 90' lang='lat' dir='ltr'><strong>eins</strong></span> <span class='ocrx_word' id='word_1_190' title='bbox 644 2388 820 2450; x_wconf 84' lang='lat' dir='ltr'><strong>Ciceronem</strong></span> <span class='ocrx_word' id='word_1_191' title='bbox 837 2398 1098 2468; x_wconf 90' lang='lat' dir='ltr'><strong>prosequerentur</strong></span> <span class='ocrx_word' id='word_1_192' title='bbox 1123 2392 1171 2451; x_wconf 82' lang='lat' dir='ltr'><strong>do</strong></span> <span class='ocrx_word' id='word_1_193' title='bbox 1209 2381 1211 2456; x_wconf 84' lang='lat' dir='ltr'><strong>l</strong></span> 
     </span>
     <span class='ocr_line' id='line_1_26' title="bbox 116 2475 1211 2557; baseline 0.004 -20"><span class='ocrx_word' id='word_1_194' title='bbox 116 2489 238 2537; x_wconf 79' lang='lat' dir='ltr'><strong>omum.</strong></span> <span class='ocrx_word' id='word_1_195' title='bbox 276 2486 305 2536; x_wconf 89' lang='lat' dir='ltr'><strong>at</strong></span> <span class='ocrx_word' id='word_1_196' title='bbox 328 2475 452 2537; x_wconf 85' lang='lat' dir='ltr'><strong>Catilina</strong></span> <span class='ocrx_word' id='word_1_197' title='bbox 475 2496 536 2538; x_wconf 94' lang='lat' dir='ltr'><strong>non</strong></span> <span class='ocrx_word' id='word_1_198' title='bbox 558 2479 678 2556; x_wconf 86' lang='lat' dir='ltr'><strong>segnius</strong></span> <span class='ocrx_word' id='word_1_199' title='bbox 702 2486 807 2537; x_wconf 88' lang='lat' dir='ltr'><strong>conata</strong></span> <span class='ocrx_word' id='word_1_200' title='bbox 827 2477 912 2557; x_wconf 91' lang='lat' dir='ltr'><strong>obiit,</strong></span> <span class='ocrx_word' id='word_1_201' title='bbox 936 2495 1024 2556; x_wconf 86' lang='lat' dir='ltr'><strong>quam</strong></span> <span class='ocrx_word' id='word_1_202' title='bbox 1045 2479 1172 2541; x_wconf 90' lang='lat' dir='ltr'><strong>sceleris</strong></span> <span class='ocrx_word' id='word_1_203' title='bbox 1209 2481 1211 2524; x_wconf 73' lang='lat' dir='ltr'><strong>t</strong></span> 
     </span>
     <span class='ocr_line' id='line_1_27' title="bbox 146 2564 1169 2649; baseline 0.005 -24"><span class='ocrx_word' id='word_1_204' title='bbox 146 2564 271 2625; x_wconf 92' lang='lat' dir='ltr'><strong>conandi</strong></span> <span class='ocrx_word' id='word_1_205' title='bbox 295 2564 417 2624; x_wconf 86' lang='lat' dir='ltr'><strong>consilia</strong></span> <span class='ocrx_word' id='word_1_206' title='bbox 435 2567 555 2626; x_wconf 86' lang='lat' dir='ltr'><strong>inierat:</strong></span> <span class='ocrx_word' id='word_1_207' title='bbox 579 2567 688 2646; x_wconf 87' lang='lat' dir='ltr'><strong>quippe</strong></span> <span class='ocrx_word' id='word_1_208' title='bbox 710 2566 870 2627; x_wconf 80' lang='lat' dir='ltr'><strong>fortissime</strong></span> <span class='ocrx_word' id='word_1_209' title='bbox 894 2566 1053 2649; x_wconf 90' lang='lat' dir='ltr'><strong>dimicans,</strong></span> <span class='ocrx_word' id='word_1_210' title='bbox 1077 2586 1169 2647; x_wconf 89' lang='lat' dir='ltr'><strong>quem</strong></span> 
     </span>
     <span class='ocr_line' id='line_1_28' title="bbox 146 2653 932 2736; baseline 0.003 -24"><span class='ocrx_word' id='word_1_211' title='bbox 146 2656 283 2732; x_wconf 89' lang='lat' dir='ltr'><strong>spiritum</strong></span> <span class='ocrx_word' id='word_1_212' title='bbox 306 2653 451 2732; x_wconf 88' lang='lat' dir='ltr'><strong>supplicio</strong></span> <span class='ocrx_word' id='word_1_213' title='bbox 475 2654 631 2736; x_wconf 90' lang='lat' dir='ltr'><strong>debuerat,</strong></span> <span class='ocrx_word' id='word_1_214' title='bbox 653 2655 768 2733; x_wconf 87' lang='lat' dir='ltr'><strong>proelio</strong></span> <span class='ocrx_word' id='word_1_215' title='bbox 793 2653 932 2715; x_wconf 89' lang='lat' dir='ltr'><strong>reddidit.</strong></span> 
     </span>
    </p>
   </div>
   <div class='ocr_carea' id='block_1_5' title="bbox 0 0 1204 3848">
    <p class='ocr_par' dir='ltr' id='par_1_5' title="bbox 0 0 1204 3848">
     <span class='ocr_line' id='line_1_29' title="bbox 0 0 1204 3141; baseline 0 -140"><span class='ocrx_word' id='word_1_216' title='bbox 0 0 1204 3141; x_wconf 95' lang='lat' dir='ltr'><strong>    </strong></span> 
     </span>
     <span class='ocr_line' id='line_1_30' title="bbox 0 3141 1204 3848; baseline 0 0"><span class='ocrx_word' id='word_1_217' title='bbox 0 3141 1204 3848; x_wconf 95' lang='lat' dir='ltr'><strong> </strong></span> 
     </span>
    </p>
   </div>
   <div class='ocr_carea' id='block_1_6' title="bbox 142 2895 1211 3545">
    <p class='ocr_par' dir='ltr' id='par_1_6' title="bbox 142 2895 1211 3545">
     <span class='ocr_line' id='line_1_31' title="bbox 217 2895 1211 2965; baseline 0.006 -19"><span class='ocrx_word' id='word_1_218' title='bbox 217 2900 230 2946; x_wconf 93' lang='lat'>1</span> <span class='ocrx_word' id='word_1_219' title='bbox 258 2895 368 2963; x_wconf 83' lang='lat' dir='ltr'><strong>aperuit</strong></span> <span class='ocrx_word' id='word_1_220' title='bbox 390 2895 531 2950; x_wconf 78' lang='lat' dir='ltr'><strong>Gelenius:</strong></span> <span class='ocrx_word' id='word_1_221' title='bbox 556 2895 660 2964; x_wconf 84' lang='lat' dir='ltr'><strong>eripuit</strong></span> <span class='ocrx_word' id='word_1_222' title='bbox 682 2895 753 2964; x_wconf 79' lang='grc' dir='ltr'><strong>ΑΡ,</strong></span> <span class='ocrx_word' id='word_1_223' title='bbox 777 2895 851 2948; x_wconf 82' lang='lat' dir='ltr'><strong>eruit</strong></span> <span class='ocrx_word' id='word_1_224' title='bbox 869 2895 997 2965; x_wconf 71' lang='lat' dir='ltr'><strong>Lipsius,</strong></span> <span class='ocrx_word' id='word_1_225' title='bbox 1020 2901 1053 2950; x_wconf 86' lang='lat' dir='ltr'><strong>ui</strong></span> <span class='ocrx_word' id='word_1_226' title='bbox 1075 2902 1118 2952; x_wconf 81' lang='lat' dir='ltr'><strong>est</strong></span> <span class='ocrx_word' id='word_1_227' title='bbox 1139 2898 1169 2952; x_wconf 79' lang='lat' dir='ltr'><strong>iu</strong></span> <span class='ocrx_word' id='word_1_228' title='bbox 1209 2899 1211 2960; x_wconf 80' lang='lat' dir='ltr'>j</span> 
     </span>
     <span class='ocr_line' id='line_1_32' title="bbox 144 2965 1211 3023; baseline 0.003 -6"><span class='ocrx_word' id='word_1_229' title='bbox 144 2965 223 3018; x_wconf 85' lang='lat' dir='ltr'><strong>Liuii</strong></span> <span class='ocrx_word' id='word_1_230' title='bbox 241 2966 302 3019; x_wconf 85' lang='lat' dir='ltr'><strong>Per.</strong></span> <span class='ocrx_word' id='word_1_231' title='bbox 319 2971 384 3021; x_wconf 78' lang='lat'><strong>102:</strong></span> <span class='ocrx_word' id='word_1_232' title='bbox 403 2983 437 3020; x_wconf 84' lang='lat' dir='ltr'><strong>ea</strong></span> <span class='ocrx_word' id='word_1_233' title='bbox 451 2965 608 3020; x_wconf 73' lang='lat' dir='ltr'><strong>coniuratio</strong></span> <span class='ocrx_word' id='word_1_234' title='bbox 621 2965 761 3020; x_wconf 82' lang='lat' dir='ltr'><strong>industria</strong></span> <span class='ocrx_word' id='word_1_235' title='bbox 774 2966 811 3023; x_wconf 89' lang='lat' dir='ltr'><strong>M.</strong></span> <span class='ocrx_word' id='word_1_236' title='bbox 828 2966 916 3020; x_wconf 84' lang='lat' dir='ltr'><strong>Tullii</strong></span> <span class='ocrx_word' id='word_1_237' title='bbox 930 2965 1072 3023; x_wconf 82' lang='lat' dir='ltr'><strong>Ciceronis</strong></span> <span class='ocrx_word' id='word_1_238' title='bbox 1086 2970 1169 3023; x_wconf 80' lang='lat' dir='ltr'><strong>erutas</strong></span> <span class='ocrx_word' id='word_1_239' title='bbox 1210 2987 1211 3020; x_wconf 69' lang='grc' dir='ltr'><strong>ς</strong></span> 
     </span>
     <span class='ocr_line' id='line_1_33' title="bbox 144 3035 1211 3106; baseline 0.005 -18"><span class='ocrx_word' id='word_1_240' title='bbox 144 3038 187 3089; x_wconf 84' lang='lat' dir='ltr'><strong>est</strong></span> <span class='ocrx_word' id='word_1_241' title='bbox 208 3035 212 3106; x_wconf 91' lang='grc'>1</span> <span class='ocrx_word' id='word_1_242' title='bbox 233 3037 387 3090; x_wconf 85' lang='lat' dir='ltr'><strong>consularis</strong></span> <span class='ocrx_word' id='word_1_243' title='bbox 411 3038 486 3104; x_wconf 85' lang='lat' dir='ltr'><strong>(oute</strong></span> <span class='ocrx_word' id='word_1_244' title='bbox 503 3037 583 3106; x_wconf 85' lang='lat' dir='ltr'><strong>imp.)</strong></span> <span class='ocrx_word' id='word_1_245' title='bbox 603 3037 678 3091; x_wconf 81' lang='lat' dir='ltr'><strong>MA:</strong></span> <span class='ocrx_word' id='word_1_246' title='bbox 698 3053 747 3092; x_wconf 88' lang='lat' dir='ltr'><strong>om.</strong></span> <span class='ocrx_word' id='word_1_247' title='bbox 771 3037 800 3091; x_wconf 93' lang='lat' dir='ltr'><strong><em>P</em></strong></span> <span class='ocrx_word' id='word_1_248' title='bbox 873 3044 888 3091; x_wconf 77' lang='lat'>7</span> <span class='ocrx_word' id='word_1_249' title='bbox 913 3036 1036 3092; x_wconf 85' lang='lat' dir='ltr'><strong>culmine</strong></span> <span class='ocrx_word' id='word_1_250' title='bbox 1059 3037 1170 3095; x_wconf 70' lang='lat' dir='ltr'><strong>locavit</strong></span> <span class='ocrx_word' id='word_1_251' title='bbox 1210 3051 1211 3100; x_wconf 81' lang='lat' dir='ltr'><strong>t</strong></span> 
     </span>
     <span class='ocr_line' id='line_1_34' title="bbox 145 3107 1211 3176; baseline 0.006 -17"><span class='ocrx_word' id='word_1_252' title='bbox 145 3108 248 3161; x_wconf 82' lang='lat' dir='ltr'><strong>Mudui</strong></span> <span class='ocrx_word' id='word_1_253' title='bbox 271 3107 518 3176; x_wconf 78' lang='lat' dir='ltr'><strong>:luminauiiAP,</strong></span> <span class='ocrx_word' id='word_1_254' title='bbox 532 3107 638 3161; x_wconf 85' lang='lat' dir='ltr'><strong>lumine</strong></span> <span class='ocrx_word' id='word_1_255' title='bbox 653 3108 946 3165; x_wconf 76' lang='lat' dir='ltr'><strong>colloceritBurmuu</strong></span> <span class='ocrx_word' id='word_1_256' title='bbox 996 3107 1116 3166; x_wconf 88' lang='lat' dir='ltr'><strong>8h0mo</strong></span> <span class='ocrx_word' id='word_1_257' title='bbox 1128 3110 1168 3165; x_wconf 79' lang='lat' dir='ltr'><strong>P:</strong></span> <span class='ocrx_word' id='word_1_258' title='bbox 1209 3107 1211 3118; x_wconf 67' lang='lat'><strong>⁴</strong></span> 
     </span>
     <span class='ocr_line' id='line_1_35' title="bbox 143 3177 1168 3250; baseline 0.007 -20"><span class='ocrx_word' id='word_1_259' title='bbox 143 3194 200 3231; x_wconf 90' lang='lat' dir='ltr'><strong>non</strong></span> <span class='ocrx_word' id='word_1_260' title='bbox 255 3177 282 3230; x_wconf 76' lang='lat' dir='ltr'><strong><em>A</em></strong></span> <span class='ocrx_word' id='word_1_261' title='bbox 348 3180 413 3232; x_wconf 83' lang='lat' dir='ltr'><strong>9et</strong></span> <span class='ocrx_word' id='word_1_262' title='bbox 432 3178 470 3232; x_wconf 89' lang='lat' dir='ltr'><strong>P:</strong></span> <span class='ocrx_word' id='word_1_263' title='bbox 490 3178 540 3232; x_wconf 86' lang='lat' dir='ltr'><strong>ssd</strong></span> <span class='ocrx_word' id='word_1_264' title='bbox 557 3179 585 3231; x_wconf 79' lang='lat' dir='ltr'><strong><em>A</em></strong></span> <span class='ocrx_word' id='word_1_265' title='bbox 649 3185 681 3233; x_wconf 91' lang='lat'><strong>11</strong></span> <span class='ocrx_word' id='word_1_266' title='bbox 701 3181 814 3250; x_wconf 79' lang='lat' dir='ltr'><strong>poterat</strong></span> <span class='ocrx_word' id='word_1_267' title='bbox 833 3181 962 3236; x_wconf 76' lang='lat' dir='ltr'><strong>Gelenius</strong></span> <span class='ocrx_word' id='word_1_268' title='bbox 1032 3184 1066 3234; x_wconf 79' lang='lat'><strong>12</strong></span> <span class='ocrx_word' id='word_1_269' title='bbox 1084 3179 1168 3237; x_wconf 79' lang='lat' dir='ltr'><strong>iusid-</strong></span> 
     </span>
     <span class='ocr_line' id='line_1_36' title="bbox 142 3248 1211 3320; baseline 0.007 -19"><span class='ocrx_word' id='word_1_270' title='bbox 142 3248 200 3302; x_wconf 85' lang='lat' dir='ltr'><strong>tiae</strong></span> <span class='ocrx_word' id='word_1_271' title='bbox 219 3249 277 3302; x_wconf 84' lang='grc' dir='ltr'><strong>ΑΡ</strong></span> <span class='ocrx_word' id='word_1_272' title='bbox 349 3255 383 3302; x_wconf 85' lang='grc'><strong>14</strong></span> <span class='ocrx_word' id='word_1_273' title='bbox 401 3250 430 3302; x_wconf 79' lang='lat' dir='ltr'><strong>ei</strong></span> <span class='ocrx_word' id='word_1_274' title='bbox 454 3248 577 3304; x_wconf 79' lang='lat' dir='ltr'><strong>Vossius:</strong></span> <span class='ocrx_word' id='word_1_275' title='bbox 597 3253 640 3304; x_wconf 80' lang='lat' dir='ltr'><strong>esi</strong></span> <span class='ocrx_word' id='word_1_276' title='bbox 660 3251 736 3319; x_wconf 76' lang='lat' dir='ltr'><strong>MA,</strong></span> <span class='ocrx_word' id='word_1_277' title='bbox 755 3267 805 3308; x_wconf 88' lang='lat' dir='ltr'><strong>om.</strong></span> <span class='ocrx_word' id='word_1_278' title='bbox 826 3252 855 3305; x_wconf 93' lang='lat' dir='ltr'><strong><em>P</em></strong></span> <span class='ocrx_word' id='word_1_279' title='bbox 926 3257 959 3306; x_wconf 88' lang='lat'><strong>18</strong></span> <span class='ocrx_word' id='word_1_280' title='bbox 978 3265 1013 3305; x_wconf 87' lang='lat' dir='ltr'><strong>eo</strong></span> <span class='ocrx_word' id='word_1_281' title='bbox 1031 3250 1166 3320; x_wconf 78' lang='lat' dir='ltr'><strong>Lipsius:</strong></span> <span class='ocrx_word' id='word_1_282' title='bbox 1210 3271 1211 3282; x_wconf 58' lang='lat'>¹</span> 
     </span>
     <span class='ocr_line' id='line_1_37' title="bbox 143 3318 1211 3390; baseline 0.008 -19"><span class='ocrx_word' id='word_1_283' title='bbox 143 3320 172 3372; x_wconf 84' lang='lat' dir='ltr'><strong>et</strong></span> <span class='ocrx_word' id='word_1_284' title='bbox 191 3319 259 3386; x_wconf 87' lang='lat' dir='ltr'><strong>AP,</strong></span> <span class='ocrx_word' id='word_1_285' title='bbox 278 3318 319 3373; x_wconf 81' lang='lat' dir='ltr'><strong>ila</strong></span> <span class='ocrx_word' id='word_1_286' title='bbox 337 3319 448 3374; x_wconf 85' lang='lat' dir='ltr'><strong>Kruuse</strong></span> <span class='ocrx_word' id='word_1_287' title='bbox 502 3327 535 3374; x_wconf 79' lang='lat'><strong>21</strong></span> <span class='ocrx_word' id='word_1_288' title='bbox 556 3321 669 3375; x_wconf 84' lang='lat' dir='ltr'><strong>consilis</strong></span> <span class='ocrx_word' id='word_1_289' title='bbox 688 3322 736 3390; x_wconf 86' lang='grc' dir='ltr'><strong>Μ,</strong></span> <span class='ocrx_word' id='word_1_290' title='bbox 756 3322 868 3377; x_wconf 87' lang='lat' dir='ltr'><strong>consilii</strong></span> <span class='ocrx_word' id='word_1_291' title='bbox 885 3321 944 3375; x_wconf 85' lang='grc' dir='ltr'><strong>ΑΡ</strong></span> <span class='ocrx_word' id='word_1_292' title='bbox 997 3327 1032 3376; x_wconf 83' lang='lat'><strong>24</strong></span> <span class='ocrx_word' id='word_1_293' title='bbox 1051 3320 1166 3379; x_wconf 77' lang='lat' dir='ltr'><strong>Cicero·</strong></span> <span class='ocrx_word' id='word_1_294' title='bbox 1210 3321 1211 3390; x_wconf 64' lang='lat' dir='ltr'><strong>l</strong></span> 
     </span>
     <span class='ocr_line' id='line_1_38' title="bbox 142 3389 1211 3463; baseline 0.01 -22"><span class='ocrx_word' id='word_1_295' title='bbox 142 3405 208 3442; x_wconf 90' lang='lat' dir='ltr'><strong>nem</strong></span> <span class='ocrx_word' id='word_1_296' title='bbox 225 3389 387 3459; x_wconf 74' lang='lat' dir='ltr'><strong>Hotiiuper:</strong></span> <span class='ocrx_word' id='word_1_297' title='bbox 407 3390 541 3446; x_wconf 81' lang='lat' dir='ltr'><strong>Catonem</strong></span> <span class='ocrx_word' id='word_1_298' title='bbox 559 3393 618 3445; x_wconf 81' lang='grc' dir='ltr'><strong>ΑΡ</strong></span> <span class='ocrx_word' id='word_1_299' title='bbox 679 3399 712 3446; x_wconf 82' lang='lat'><strong>25</strong></span> <span class='ocrx_word' id='word_1_300' title='bbox 732 3395 835 3448; x_wconf 79' lang='lat' dir='ltr'><strong>conata</strong></span> <span class='ocrx_word' id='word_1_301' title='bbox 853 3393 1015 3448; x_wconf 73' lang='lat' dir='ltr'><strong>Audulius:</strong></span> <span class='ocrx_word' id='word_1_302' title='bbox 1033 3395 1104 3449; x_wconf 78' lang='lat' dir='ltr'><strong>note</strong></span> <span class='ocrx_word' id='word_1_303' title='bbox 1120 3394 1166 3463; x_wconf 74' lang='lat' dir='ltr'><strong>M,</strong></span> <span class='ocrx_word' id='word_1_304' title='bbox 1210 3399 1211 3432; x_wconf 56' lang='lat' dir='ltr'><strong>i</strong></span> 
     </span>
     <span class='ocr_line' id='line_1_39' title="bbox 143 3460 1211 3545; baseline 0.01 -34"><span class='ocrx_word' id='word_1_305' title='bbox 143 3461 210 3512; x_wconf 81' lang='lat' dir='ltr'><strong>uote</strong></span> <span class='ocrx_word' id='word_1_306' title='bbox 227 3460 287 3513; x_wconf 79' lang='grc' dir='ltr'><strong>ΑΡ</strong></span> <span class='ocrx_word' id='word_1_307' title='bbox 344 3467 378 3516; x_wconf 81' lang='grc'><strong>26</strong></span> <span class='ocrx_word' id='word_1_308' title='bbox 396 3461 532 3517; x_wconf 84' lang='lat' dir='ltr'><strong>intererat</strong></span> <span class='ocrx_word' id='word_1_309' title='bbox 549 3463 578 3516; x_wconf 81' lang='lat' dir='ltr'><strong><em>A</em></strong></span> <span class='ocrx_word' id='word_1_310' title='bbox 638 3470 671 3518; x_wconf 78' lang='lat'><strong>27</strong></span> <span class='ocrx_word' id='word_1_311' title='bbox 690 3463 829 3534; x_wconf 87' lang='lat' dir='ltr'><strong>supplicio</strong></span> <span class='ocrx_word' id='word_1_312' title='bbox 847 3464 874 3518; x_wconf 93' lang='lat' dir='ltr'><strong>d.</strong></span> <span class='ocrx_word' id='word_1_313' title='bbox 893 3464 1003 3534; x_wconf 83' lang='lat' dir='ltr'><strong>preelio</strong></span> <span class='ocrx_word' id='word_1_314' title='bbox 1018 3461 1166 3545; x_wconf 59' lang='lat' dir='ltr'><strong>(delemus)</strong></span> <span class='ocrx_word' id='word_1_315' title='bbox 1210 3473 1211 3476; x_wconf 75' lang='grc'>’</span> 
     </span>
    </p>
   </div>
  </div>
 </body>
</html>
