2422 3848
138 157 179 220 68
633 155 659 208 ll

110 324 223 384 aluere
249 321 408 401 suppliciis.
455 338 602 398 nusquam
625 328 689 381 erat
710 320 870 400 Pompeius
894 340 1032 403 corpore,
1057 323 1161 384 adbuc

140 411 251 489 ubique
274 408 390 469 vivebat
412 410 540 468 nomine.
578 411 687 489 quippe
710 411 816 489 lugens
833 412 964 490 partium
987 413 1053 472 eius
1072 413 1161 473 lavor

140 500 251 560 bellum
269 500 447 558 excitaverat
461 496 608 579 Africum,
632 498 711 576 quod
731 497 827 559 ciebat
840 517 894 559 rex
908 498 980 560 Iuba
997 508 1028 560 et
1043 499 1161 583 Scipio,

138 592 183 648 vir
211 587 392 667 consularis,
422 594 490 647 ante
518 584 672 646 biennium
700 605 788 665 quam
816 590 1041 667 extingueretur
1068 589 1161 651 Pom·
1203 580 1205 589 ¹

108 680 234 759 apcius,
252 676 348 736 lectus
367 674 403 734 ab
423 693 458 734 eo
477 693 572 755 socer,
591 693 756 754 coriumque
770 679 870 756 copias
884 686 1006 738 auxerat
1019 677 1057 738 Μ.
1074 676 1186 759 Cato,⁵

138 767 253 846 ingenti
276 781 345 825 cum
372 763 545 824 difficultate
573 765 716 825 itinerum
743 764 936 844 locorumque
964 767 1064 846 iuopia
1088 785 1161 846 per·

139 855 237 914 ductis
260 853 296 912 ad
320 870 371 912 eos
394 851 574 930 legionibus:
598 855 649 931 qui
673 855 718 913 vir
742 872 810 914 curm
829 873 978 915 summum
997 856 1024 915 ei
1044 873 1062 915 a
1080 854 1161 916 mili·

138 943 219 1003 tibus
241 941 410 1002 deferretur
433 943 604 1022 imperium,
627 941 811 1002 honoratiori
833 961 939 1022 parere
963 943 1076 1004 maluit.

109 1043 123 1090 1
228 1025 280 1091 55.
311 1029 457 1090 Admonet
474 1032 638 1108 promissae
657 1029 811 1092 brevitatis
825 1031 912 1113 tides,
931 1040 1042 1110 quanto
1057 1034 1161 1093 omnia

138 1129 314 1180 transcursu
343 1118 467 1179 dicenda
490 1120 558 1178 sint.
604 1137 733 1198 sequens
761 1120 911 1181 fortunam
939 1138 1023 1181 suam
1047 1119 1194 1183 Caesario

137 1216 295 1287 pervectus
319 1209 351 1267 in
373 1206 503 1266 Africam
526 1214 585 1286 est,
612 1225 700 1285 quam
724 1209 823 1268 occiso
848 1208 878 1269 C.
903 1208 1046 1291 Curione,
1070 1209 1161 1272 lulia-

139 1314 245 1357 narum
269 1296 344 1356 duce
367 1297 511 1374 partium,
534 1293 705 1374 Pompeiani
729 1295 903 1358 obtinebant
921 1300 1082 1360 exercitus
1116 1298 1162 1360 ibi

139 1387 235 1464 primo
272 1384 353 1442 varia
389 1382 522 1463 lortuna,
558 1401 627 1443 mox
662 1386 803 1463 pugnavit
840 1404 906 1466 sua,
937 1387 1160 1466 inclinataeque

109 1474 271 1535 2hostium
299 1473 414 1551 copiae:
442 1489 498 1531 nec
525 1470 677 1532 dissimilis
703 1472 746 1533 ibi
773 1473 915 1534 adversus
942 1477 1037 1536 victos
1067 1493 1160 1555 quam

140 1565 171 1621 in
194 1563 311 1641 priores
335 1559 491 1620 clementia
510 1559 643 1621 Caesaris
666 1561 731 1621 luit.
769 1564 913 1623 victorem
931 1564 1062 1624 Africani
1085 1563 1193 1625 bellio

141 1650 298 1710 Caesarem
321 1650 440 1729 gravius
463 1650 580 1728 excepit
602 1649 797 1729 Hispaniense
826 1645 910 1734 (nam
936 1655 1033 1713 victus
1060 1652 1098 1712 ab
1122 1671 1160 1713 eo

141 1738 309 1799 Pharnaces
345 1739 393 1797 vix
426 1737 586 1816 quidquam
618 1738 729 1816 gloriae
766 1741 831 1800 eius
863 1734 1039 1823 adstruxit),
1078 1740 1160 1820 quod

142 1827 193 1887 Cn.
217 1827 390 1907 Pompeius,
418 1826 515 1905 Magni
538 1826 630 1907 iilius,
657 1827 832 1894 adulescens
858 1831 988 1909 impetus
1016 1829 1052 1889 ad
1080 1829 1160 1890 bella

141 1917 273 1996 maximi,
300 1917 405 1993 iugens
434 1934 468 1975 ac
491 1913 624 1975 terribile
648 1915 840 1997 conflaverat,
867 1917 999 1997 undique
1026 1917 1063 1978 ad
1088 1936 1160 1980 eum
1203 1912 1205 1955 ἕ

143 2004 239 2064 adbuc
262 2005 378 2082 paterni
401 2005 529 2064 nominis
552 2003 785 2081 magnitudinem
813 2009 1002 2084 sequentium
1030 2025 1066 2066 ex
1095 2014 1193 2067 toton

112 2092 216 2152 aorbc
245 2100 394 2152 terrarum
426 2092 542 2153 auxiliis
575 2091 801 2154 confluentibus.
852 2113 905 2155 sua
938 2094 1096 2155 Caesarem
1127 2097 1160 2155 in
1203 2136 1205 2145 .

142 2180 314 2260 Hispaniam
333 2183 472 2242 comitata
492 2181 611 2241 lortuna
635 2188 693 2262 est,
715 2181 766 2242 sed
786 2182 900 2243 nullum
919 2201 1061 2262 umquam
1080 2191 1159 2244 atro·

144 2271 208 2329 cius
230 2269 487 2348 periculosiusque
511 2267 547 2328 ab
571 2287 606 2328 eo
629 2271 735 2330 initum
754 2270 914 2353 proelium,
938 2272 1010 2332 adeo
1033 2271 1160 2352 utplus

143 2376 230 2436 quam
259 2358 349 2419 dubio
377 2358 469 2418 Marte
498 2357 693 2417 descenderet
720 2376 797 2436 equo
829 2362 1055 2439 consistensque
1089 2368 1160 2422 ante

143 2447 333 2508 recedentem
358 2464 482 2507 suorum
505 2447 611 2526 aciem,
639 2447 784 2524 increpita
809 2450 893 2526 prius
916 2449 1049 2531 fortuna,
1078 2450 1194 2530 quodtt

144 2553 176 2594 se
199 2537 230 2594 in
254 2553 323 2595 eum
346 2541 494 2594 servasset
512 2535 638 2614 exitum,
661 2534 851 2596 denuntiaret
871 2536 1014 2598 militibus
1033 2540 1160 2618 vestigio

141 2641 172 2683 se
200 2642 260 2683 non
283 2640 488 2683 recessurum:
514 2622 638 2701 proinde
661 2621 810 2705 viderent,
838 2642 927 2703 quem
951 2634 981 2686 et
1004 2644 1064 2704 quo
1092 2626 1159 2688 loco

109 2714 352 2791 4imperatorem
384 2710 533 2771 deserturi
565 2711 672 2772 lorent.
726 2713 904 2774 verecundia
938 2716 1031 2794 magis
1069 2733 1159 2795 quam

141 2802 250 2860 virtute
279 2800 358 2900 acies
386 2801 537 2879 restituta,
565 2806 595 2860 et
622 2818 639 2860 a
666 2800 742 2861 duce
767 2819 855 2880 quam
878 2820 895 2861 a
922 2803 1015 2863 mibtc
1039 2803 1159 2866 lortius.

211 2950 363 3005 nuiuebat
380 2951 527 3007 Heinsius.
536 2952 636 3013 Iubae
654 2953 713 3006 AP
803 2961 918 3009 bsooer
936 2956 1013 3010 MA:
1032 2972 1113 3011 secer
1133 2957 1162 3012 P

213 3028 266 3074 ‘la
283 3021 421 3103 militibus
440 3024 518 3078 MA:
533 3004 659 3078 ambitus
680 3023 708 3077 P
782 3029 915 3094 Sparero
933 3026 1038 3108 Burer.
1057 3045 1160 3096 parcre

143 3094 183 3174 Ρ,
201 3092 297 3161 parari
314 3093 356 3146 A
414 3095 562 3163 equando
581 3095 609 3147 A
682 3098 715 3146 10
735 3097 800 3150 sunt
816 3096 845 3148 A
909 3097 991 3151 11'1n
1008 3101 1160 3167 peruectus

141 3163 172 3216 in
188 3165 216 3216 A
232 3166 237 3232 Ι
254 3166 296 3218 est
316 3164 413 3220 Orelli:
432 3168 462 3220 et
478 3167 520 3232 A,
538 3181 588 3220 om
609 3162 701 3220 PlO.
721 3166 786 3221 odd.
804 3167 923 3237 δίαιμον
982 3116 1027 3222 13p
1034 3169 1160 3240 fortuna,

141 3251 207 3288 mox
225 3252 251 3305 p
271 3253 321 3290 sua
339 3237 420 3290 Acid.
440 3241 465 3290 et
482 3237 610 3304 Lipsius.
628 3234 772 3289 fortunam
791 3238 964 3308 expugnauit
981 3239 1029 3294 uio
1046 3241 1107 3295 ΑΡ

143 3311 176 3360 16
196 3305 342 3361 Caesarem
360 3307 401 3360 A
421 3305 449 3360 Ο.
470 3305 618 3360 Caesarem
637 3306 666 3358 P
736 3312 770 3362 18
789 3309 826 3362 ud
845 3308 1009 3365 bellandum
1028 3306 1160 3368 Gelenius

53 3402 57 3409 ·
212 3383 245 3432 25
268 3378 415 3447 increpata
432 3378 460 3430 A
476 3393 521 3444 pr.
540 3393 574 3430 m.
651 3382 685 3430 29
708 3378 840 3434 restituta
862 3382 892 3434 et
914 3396 932 3436 a
954 3381 1051 3438 Orelli:
1075 3382 1158 3440 resti·

141 3448 219 3502 tutae
239 3447 267 3503 O.
286 3450 319 3501 A.
339 3448 392 3515 M,
411 3447 558 3501 restitutae
577 3448 642 3502 sunt
659 3463 677 3501 a
694 3448 754 3502 ΑΡ
