2422 3848
106 169 149 233 28
600 169 626 222 Π

107 338 238 415 rissima,
269 337 309 394 ita
341 343 434 395 artata
465 353 591 396 numero
619 333 752 393 felicitas.
803 340 916 410 septem
945 338 1012 392 ante
1041 331 1128 393 hunc

108 423 307 484 nobilissimae
336 421 532 502 simplicitatis
560 425 710 501 iuvenem,
742 419 793 480 Cn.
822 420 996 499 Domitium,
1028 420 1129 502 luere,

109 512 217 590 singuli
240 515 359 572 omnino
382 510 557 590 parentibus
571 512 676 590 geniti,
700 510 753 569 sed
768 527 870 569 omues
884 509 920 568 ad
935 509 1129 569 consulatum

109 600 345 682 sacerdotisque,
369 600 405 659 ad
419 598 563 677 triumphi
577 605 677 658 atatem
694 615 788 676 paene
804 615 907 657 omnes
920 606 1130 676 pervenerunt

107 691 242 768 insignia.
1145 701 1159 742 ⁵

79 791 92 835 1
199 775 248 837 11.
298 775 413 836 Bellum
451 775 557 835 deinde
589 774 799 854 Iugurthinum
835 782 952 852 gestum
984 782 1030 834 est
1066 793 1127 852 per

109 865 142 934 Q.
170 864 321 925 Metellum
348 863 423 923 nulli
451 863 616 924 secundnm
644 863 754 923 saeculi
772 863 841 922 sui.
891 863 981 922 huius
1008 863 1129 941 legatus

111 955 167 1013 luit
200 951 229 1014 C.
261 953 385 1031 Marius,
418 971 507 1030 quem
538 952 753 1032 praediximus,
786 959 873 1011 nattis
905 953 1016 1029 agresti
1047 951 1129 1033 loco,

107 1042 205 1101 hirtus
220 1050 307 1120 atque
327 1041 466 1101 horridus
482 1043 599 1119 vitaque
622 1049 757 1120 sanctus,
780 1048 924 1118 quantum
946 1039 1024 1099 bello
1048 1042 1129 1118 opti·

108 1149 188 1212 mus,
215 1138 331 1191 tantum
358 1148 431 1209 pace
458 1132 620 1209 pessimus,
647 1128 824 1188 immodicus
852 1128 976 1208 gloriae,
1004 1130 1128 1187 insatia-
1147 1145 1173 1184 m

77 1217 190 1300 abilis,
216 1221 365 1299 impotens
394 1235 571 1296 semperque
595 1219 755 1295 inquietus.
802 1216 850 1276 hic
872 1235 927 1295 per
950 1215 1129 1295 publicanos

109 1306 240 1384 aliosque
269 1310 300 1367 in
328 1306 427 1366 Africa
457 1307 634 1384 negotiantis
663 1307 836 1365 criminatus
864 1304 975 1365 Metelli
1003 1305 1130 1365 lentitu-

109 1393 222 1474 dinem,
250 1393 394 1454 trahentis
423 1396 481 1453 iam
504 1395 535 1452 in
558 1395 682 1453 tertium
706 1411 816 1453 annum
839 1393 963 1474 bellum,
987 1400 1018 1453 et
1040 1401 1128 1453 natu·

109 1481 202 1540 ralem
228 1481 390 1543 nobilitatis
420 1480 590 1561 superbiam
613 1482 807 1560 morandique
830 1485 861 1542 in
885 1483 1017 1560 imperiis
1041 1485 1128 1560 eupi-

109 1570 231 1630 ditatem
255 1571 353 1631 effecit
375 1578 422 1652 ut,
445 1588 514 1631 curm
538 1578 704 1630 commeatu
726 1573 820 1648 petito
839 1569 963 1629 Romam
986 1572 1129 1651 venisset,
1145 1583 1171 1628 rs

109 1659 213 1719 consul
246 1667 400 1719 crearetur
431 1658 560 1737 bellique
590 1676 684 1738 paene
716 1661 826 1737 patrati
860 1677 876 1717 a
910 1657 1041 1738 Metello,
1074 1661 1130 1737 qui

110 1746 155 1807 bis
183 1747 357 1826 Iugurtham
385 1750 447 1808 acie
477 1747 611 1827 fuderat,
644 1765 758 1806 summa
790 1749 1028 1807 committeretur
1059 1745 1128 1808 sibi.

110 1835 220 1895 Metelli
248 1844 347 1896 tamen
375 1845 405 1897 et
432 1835 602 1914 triumphus
634 1835 691 1896 luit
719 1835 900 1894 clarissimus
929 1843 958 1894 et
986 1837 1129 1895 meritum

80 1934 148 1981 3ex
171 1925 279 1983 virtute
304 1920 332 1983 ei
355 1942 519 2002 cognomen
542 1923 690 1983 Numidici
713 1922 848 1982 inditum.
890 1932 924 1983 ut
945 1923 1034 2002 paulo
1057 1930 1128 1983 ante

110 2009 254 2071 Domitiae
291 2011 431 2091 familiae,
467 2014 508 2071 ita
545 2010 686 2071 Caeciliae
724 2010 853 2071 notanda
890 2011 1033 2072 claritudo
1071 2019 1127 2072 est.
1143 2025 1171 2066 2⁰

111 2100 220 2176 quippe
249 2101 329 2159 intra
356 2099 513 2160 duodecim
542 2101 636 2159 ferme
660 2117 753 2158 annos
776 2099 866 2159 huius
889 2102 1032 2177 temporis
1056 2117 1127 2159 con-

110 2186 191 2246 sules
215 2187 298 2247 suere
313 2186 425 2249 Metelli
447 2196 497 2248 aut
521 2206 661 2248 censores
685 2196 736 2247 aut
758 2188 981 2266 triumpharunt
999 2187 1127 2265 amplius

110 2275 283 2356 duodecies,
315 2283 349 2336 ut
377 2285 529 2357 appareat,
562 2276 811 2354 quemadmodum
837 2276 959 2336 urbium
987 2278 1126 2354 imperio·
1148 2306 1165 2330 κ

109 2383 250 2445 rumque,
281 2366 322 2425 ita
349 2369 483 2444 gentium
506 2382 586 2424 nuno
609 2364 716 2423 llorere
741 2365 904 2445 fortunam,
932 2383 1011 2424 nunc
1040 2382 1126 2424 sene-

109 2471 207 2532 scere,
231 2471 311 2512 nnnc
334 2455 467 2513 interire.
1142 2466 1170 2507 25

79 2550 93 2597 1
201 2537 250 2599 12.
292 2541 329 2599 At
357 2540 387 2599 C.
416 2541 526 2599 Marius
551 2539 585 2598 L.
615 2538 726 2599 Sullam
754 2542 812 2599 iam
840 2549 912 2601 tunc
942 2548 974 2600 nt
1005 2558 1126 2618 praeca-

108 2626 246 2686 ventibus
278 2629 345 2686 latis
378 2628 547 2706 copulatum
580 2626 637 2687 sibi
667 2638 856 2706 quaestorem
882 2628 986 2688 habuit
1014 2637 1043 2688 et
1069 2647 1126 2707 per

109 2733 177 2775 eum
210 2717 334 2774 missum
366 2715 402 2774 ad
435 2733 536 2793 regem
563 2714 714 2775 Bocchum
741 2716 884 2795 Iugurtha
916 2735 987 2796 rege
1018 2715 1126 2776 abhinc
1153 2774 1161 2789 ,

180 2943 194 2988 1
215 2937 324 2990 arctata
341 2937 369 2990 A
386 2940 389 3005 Ι
405 2958 446 2994 vu
464 2939 556 2992 Aldus
574 2943 599 2991 ei
617 2937 761 3006 Sigonius:
781 2939 824 2992 uti
841 2938 900 2993 ΑΡ
970 2947 986 2994 3
1006 2939 1125 3010 singulis

106 3007 171 3075 ΑΡ,
191 3023 239 3062 uu.
253 3007 332 3076 Leps.
347 3009 382 3075 cf.
398 3009 542 3077 Madvigii
554 3009 668 3064 Aduers.
688 3008 723 3078 II,
737 3015 788 3064 301
808 3016 863 3066 uot.
937 3018 954 3065 4
973 3011 1009 3064 ad
1026 3010 1124 3064 tu'um-

106 3078 241 3147 phanbem
259 3079 287 3132 A
387 3086 403 3134 6
421 3095 498 3149 perq.
518 3079 664 3134 Metellum
681 3079 740 3132 ΑΡ
838 3085 854 3134 8
874 3082 979 3150 agresti
998 3081 1125 3136 Vossius:

107 3149 230 3216 equestri
247 3149 307 3203 ΑΡ
383 3155 415 3204 10
436 3150 626 3220 [insatiabilis]
648 3148 757 3204 Gerticos
840 3157 871 3205 17
891 3152 921 3204 in
939 3151 1000 3205 acie
1018 3150 1124 3216 11:412·-

106 3221 217 3274 cebutur
235 3226 260 3274 ei
279 3221 339 3275 acie
357 3221 473 3275 fundere
494 3222 614 3290 (vincere
629 3223 688 3290 etc.)
707 3226 731 3274 et
746 3221 776 3273 in
794 3221 868 3288 acie:
887 3222 959 3276 iliud
977 3227 1068 3276 tauuu
1086 3228 1125 3277 eu

105 3291 190 3343 multo
208 3292 377 3360 frequeuiius
478 3297 510 3346 18
529 3291 680 3346 *meritum
698 3293 727 3344 et
746 3292 806 3358 (om.
827 3292 866 3362 P)
884 3291 1040 3361 uirtutique
1057 3292 1123 3363 AP,

106 3360 237 3413 meritum
256 3363 282 3414 ei
299 3362 403 3416 virtute
423 3361 536 3430 (vinulo
555 3362 592 3431 ei)
612 3363 676 3429 alii,
700 3362 734 3428 ef.
754 3362 822 3417 Sati.
843 3361 910 3431 Jug.
930 3368 955 3431 5,
974 3370 1004 3432 43
1030 3379 1068 3417 au
1086 3382 1124 3419 m.

106 3429 132 3482 ei
150 3429 302 3498 virtutique
321 3433 466 3487 debitum?
538 3439 572 3488 23
591 3432 740 3487 duodecies
758 3433 901 3488 Burman:
920 3455 969 3489 x11.
989 3433 1048 3488 ΑΡ
