2422 3848
145 176 189 240 54
639 177 666 230 Π

143 342 236 424 idem,
263 343 342 422 quod
370 351 450 404 totus
474 351 623 405 terrarum
646 342 741 423 orhis,
772 345 802 403 in
830 346 977 404 aerarium
1001 343 1167 405 conferunt

113 431 332 510 2stipcndium.
382 431 418 491 ah
447 433 552 493 eodem
579 433 655 492 lacta
686 430 765 471 *³¹²*
797 431 981 493 Numidicus.
1027 430 1169 494 Ciliciam

144 520 314 598 perdomuit
345 519 494 581 Isauricus
527 528 557 581 et
588 529 657 599 post
688 519 799 580 bellum
830 520 1041 582 Antiochinum
1069 519 1168 582 Vulso

144 608 269 669 Manlius
284 608 522 687 Gallograeciam.
545 608 690 689 Bithynia,
708 617 743 669 ut
756 608 966 690 praediximus,
980 617 1169 673 testamento

143 696 311 757 Nicomedis
348 697 451 757 relicta
488 698 675 758 hereditaria.
729 696 820 758 Divus
851 698 1003 777 Augustus
1040 706 1193 778 praetera

143 785 299 864 Hispanias
323 785 452 864 aliasque
476 789 588 868 gentis,
612 804 739 866 quarum
756 786 850 847 titulis
868 787 968 847 lorum
987 789 1051 848 eius
1076 804 1169 866 prae·

143 877 232 954 nitet,
268 892 362 953 paene
394 875 474 935 idem
506 876 582 936 lacta
614 875 746 954 Aegypto
778 874 983 956 stipendiaria,
1015 883 1169 954 quantum

114 975 129 1021 3
144 968 229 1041 pater
246 965 310 1024 eius
325 962 434 1043 Galliis,
452 966 483 1024 in
498 967 645 1024 aerarium
664 962 778 1024 reditus
793 963 926 1024 contulit.
949 973 979 1024 at
993 963 1037 1024 Ti.
1052 964 1169 1026 Cacsar

145 1069 233 1129 quam
265 1059 377 1112 certam
408 1053 546 1132 Hispanis
582 1053 707 1132 parendi
743 1053 960 1112 confessionem
994 1060 1169 1115 extorserat

143 1158 265 1220 parens,
295 1140 402 1220 Illyriis
429 1140 629 1220 Delmatisque
658 1143 791 1201 extorsit.
841 1140 975 1201 Raetiam
999 1149 1104 1203 autem
1133 1151 1202 1205 etro

144 1227 312 1289 Vindelicos
340 1247 373 1288 ac
397 1229 521 1290 Noricos
544 1230 785 1308 Pannoniamque
814 1236 844 1289 et
868 1206 1041 1290 Scorddoos
1070 1249 1168 1292 novas

144 1319 269 1395 imperio
297 1325 400 1377 nostro
433 1317 585 1378 subiunxit
611 1320 787 1397 provincias.
833 1326 867 1377 ut
898 1318 951 1378 has
983 1319 1088 1399 armis,
1122 1322 1169 1381 ita

145 1407 321 1465 auctoritate
337 1405 550 1486 Cappadociam
567 1407 678 1486 populo
692 1406 824 1466 Romano
842 1407 913 1467 lecit
927 1406 1167 1487 stipendiariam.

144 1493 197 1552 sed
220 1501 405 1554 revertamur
428 1493 464 1554 ad
488 1495 632 1556 ordinem.

111 1594 125 1641 1
229 1579 282 1643 40.
329 1583 437 1643 Secuta
460 1583 567 1644 deinde
591 1583 785 1661 Cn.·Pompei
810 1583 926 1664 militia,
950 1583 1060 1663 gloriae
1080 1583 1200 1645 labo-rs

142 1673 224 1731 risne
248 1673 368 1731 maioris
386 1673 536 1733 incertum
553 1681 606 1733 est.
636 1679 807 1751 penetratae
827 1690 895 1731 cum
915 1674 1037 1732 victoria
1055 1671 1167 1755 Media,

142 1759 277 1841 Albania,
303 1759 437 1840 Hiberia3
468 1761 574 1822 deinde
602 1761 711 1821 flexum
738 1778 843 1838 agmen
873 1759 908 1820 ad
936 1778 986 1820 eas
1016 1762 1167 1843 nationes,

144 1867 218 1926 quae
235 1847 340 1909 dextra
358 1857 446 1928 atque
460 1851 564 1910 intima
577 1849 665 1910 Ponti
678 1848 821 1927 incolunt,
840 1846 965 1908 Colchos
978 1847 1166 1911 Heniochos-

144 1955 201 2014 que
230 1945 261 1997 et
287 1937 432 2018 Achaeos,
465 1945 495 1998 et
522 1956 684 2017 oppressus
712 1938 852 2015 auspiciis
879 1936 1015 2017 Pompei,
1042 1937 1167 2000 insidiis

144 2025 196 2084 filii
218 2025 380 2086 Pharnacis
403 2025 601 2107 Mithridates,
628 2026 750 2087 ultimus
778 2028 911 2086 omnium
938 2027 1013 2086 iuris
1036 2028 1085 2086 sui
1117 2044 1198 2088 res

112 2126 213 2191 ngum
236 2121 356 2192 praeter
378 2114 542 2175 Parthicos.
588 2122 652 2175 tum
674 2117 769 2175 victor
792 2116 926 2175 omnium
949 2132 1023 2193 quas
1048 2115 1167 2177 adierat

143 2204 276 2279 gentium
303 2202 463 2282 Pompeius
491 2221 605 2281 suoque
634 2211 664 2264 et
694 2205 802 2264 civium
831 2211 900 2263 voto
928 2205 1021 2262 maior
1048 2210 1080 2263 et
1107 2223 1167 2283 per

143 2293 241 2351 omnia
264 2292 413 2351 fortunam
432 2290 560 2351 hominis
580 2310 719 2370 egressus
737 2293 862 2352 revertit
879 2292 911 2350 in
929 2291 1050 2351 ltaliam.
1075 2294 1167 2354 cuins

143 2379 271 2440 reditum
299 2378 490 2439 favorabilem
517 2381 617 2458 opinio
646 2381 769 2459 lecerat3
797 2381 907 2458 quippe
936 2379 1072 2458 plerique
1101 2399 1166 2443 non

144 2469 207 2526 sine
231 2469 364 2528 exercitu
388 2476 547 2527 venturum
573 2470 605 2528 in
628 2468 735 2528 urbem
765 2467 954 2527 adfirmarant
977 2474 1007 2527 et
1029 2466 1196 2531 libertatis

217 2680 230 2726 1
250 2674 280 2726 in
297 2673 437 2728 aerarium
454 2674 558 2729 Aldus:
581 2674 716 2744 ignauum
734 2673 792 2726 AP
875 2679 891 2726 2
915 2672 991 2726 lacta
1015 2671 1167 2743 [Numidia

143 2743 300 2812 provincia,
320 2761 335 2798 e
353 2763 409 2814 qua
426 2745 485 2799 iam
503 2745 573 2800 olim
591 2759 747 2813 cognomen
764 2743 868 2798 virtute
887 2745 1001 2812 partum
1020 2743 1167 2800 uetuerat

143 2814 287 2886 Metellus]
310 2815 475 2870 Numidicus
497 2817 634 2885 supplevit
652 2814 747 2869 Haase
831 2820 847 2867 3
871 2813 1010 2869 Isauricus
1033 2815 1063 2868 ei
1082 2815 1166 2885 Sipo-

143 2887 221 2939 nius:
240 2886 304 2941 uisa
321 2887 436 2942 uicisset
453 2887 512 2940 ΛΡ
601 2892 618 2939 4
636 2884 799 2954 Bythiniam
817 2884 845 2937 A
936 2891 951 2939 ‘1
971 2901 1061 2954 paene
1085 2885 1167 2941 idem

144 2957 286 3012 delendum
304 2963 389 3012 censet
404 2957 515 3012 Boionio.
534 2961 566 3010 ut
584 2973 617 3011 ec
634 2972 728 3010 casus
747 2961 760 3009 1
779 2957 902 3021 illatum,
920 2955 984 3022 fort.
1003 2973 1031 3024 p.
1049 2957 1167 3012 tanim

215 3033 231 3082 8
254 3028 351 3083 *Galli
374 3028 481 3094 MAP,
510 3027 604 3083 Gallia
622 3027 713 3082 (icles.
739 3028 742 3095 Ι
767 3026 893 3081 redditus
919 3026 984 3080 MA
1009 3029 1013 3094 Ι
1039 3029 1071 3080 at
1092 3028 1165 3083 AP:

144 3099 180 3152 ad
196 3100 251 3168 ΜΙ
268 3099 309 3155 Ti.
330 3101 461 3154 Ursinus:
479 3099 510 3155 T.
527 3098 621 3152 MAP
675 3103 709 3153 10
722 3113 823 3167 parens
843 3097 974 3152 Ursinus:
993 3113 1092 3165 parem
1106 3098 1168 3153 A?

145 3169 149 3240 Ι
171 3171 287 3226 extorsit
305 3170 382 3224 MA:
401 3186 451 3224 orn.
472 3169 523 3238 ΡΙ
543 3168 674 3223 Raetiam
692 3169 732 3222 A:
755 3167 889 3223 Rhodiam
909 3169 937 3222 P
1017 3173 1048 3221 11
1069 3184 1104 3222 ao
1126 3168 1165 3224 Pr

144 3243 173 3295 et
189 3241 217 3294 A
234 3244 237 3310 Ι
255 3240 402 3296 Cordiscos
420 3239 478 3293 ΑΡ
532 3245 565 3294 17
584 3239 688 3294 Albani
705 3239 804 3295 Hiberi
823 3238 932 3308 (Hideri
947 3238 986 3308 A)
1006 3255 1040 3292 ac
1060 3238 1165 3295 deinde

143 3312 212 3380 ΑΡ,
232 3329 279 3366 em.
297 3311 427 3365 Burman
500 3317 533 3366 18
552 3310 748 3378 Eniochosque
766 3311 794 3364 A
847 3315 902 3365 ,20
919 3309 962 3363 fili
980 3309 1040 3362 ΑΡ
1054 3311 1059 3378 Ι
1075 3309 1166 3365 Phar-

143 3382 221 3437 nacis
239 3382 281 3435 A:
304 3382 464 3436 Pharnaces
485 3383 513 3434 P
600 3387 634 3436 23
653 3381 780 3436 reuertit'
800 3382 829 3436 A
917 3385 951 3436 25
975 3380 1167 3437 adfirmabant

135 3453 208 3518 ΑΡ,
228 3469 276 3506 em.
297 3452 455 3509 Momasson
