<?xml version="1.0" encoding="UTF-8"?>
<!DOCTYPE html PUBLIC "-//W3C//DTD XHTML 1.0 Transitional//EN"
    "http://www.w3.org/TR/xhtml1/DTD/xhtml1-transitional.dtd">
<html xmlns="http://www.w3.org/1999/xhtml" xml:lang="en" lang="en">
 <head>
  <title>
</title>
<meta http-equiv="Content-Type" content="text/html;charset=utf-8" />
  <meta name='ocr-system' content='tesseract 3.04.00' />
  <meta name='ocr-capabilities' content='ocr_page ocr_carea ocr_par ocr_line ocrx_word'/>
</head>
<body>
  <div class='ocr_page' id='page_1' title='image "./exhistoriaeroma00pategoog_0072.png"; bbox 0 0 2422 3848; ppageno 0'>
   <div class='ocr_carea' id='block_1_1' title="bbox 525 155 1111 220">
    <p class='ocr_par' dir='ltr' id='par_1_1' title="bbox 525 155 1111 220">
     <span class='ocr_line' id='line_1_1' title="bbox 525 155 1111 220; baseline 0.005 -12"><span class='ocrx_word' id='word_1_1' title='bbox 525 170 548 208; x_wconf 90' lang='lat' dir='ltr'>c.</span> <span class='ocrx_word' id='word_1_2' title='bbox 568 159 690 210; x_wconf 78' lang='lat'>45-47.</span> <span class='ocrx_word' id='word_1_3' title='bbox 1069 155 1111 220; x_wconf 91' lang='grc'>61</span> 
     </span>
    </p>
   </div>
   <div class='ocr_carea' id='block_1_2' title="bbox 99 318 1112 579">
    <p class='ocr_par' dir='ltr' id='par_1_2' title="bbox 99 318 1112 579">
     <span class='ocr_line' id='line_1_2' title="bbox 100 318 1112 400; baseline 0.004 -20"><span class='ocrx_word' id='word_1_4' title='bbox 100 328 150 380; x_wconf 91' lang='lat' dir='ltr'>ten</span> <span class='ocrx_word' id='word_1_5' title='bbox 179 318 318 381; x_wconf 83' lang='lat' dir='ltr'>Crassum</span> <span class='ocrx_word' id='word_1_6' title='bbox 343 328 553 400; x_wconf 91' lang='lat' dir='ltr'>petentemque</span> <span class='ocrx_word' id='word_1_7' title='bbox 578 320 744 383; x_wconf 80' lang='lat' dir='ltr'>Seleuciam</span> <span class='ocrx_word' id='word_1_8' title='bbox 766 323 966 383; x_wconf 80' lang='lat' dir='ltr'>circumfusus</span> <span class='ocrx_word' id='word_1_9' title='bbox 988 324 1112 384; x_wconf 89' lang='lat' dir='ltr'>inmani·</span> 
     </span>
     <span class='ocr_line' id='line_1_3' title="bbox 99 408 1112 493; baseline 0.003 -24"><span class='ocrx_word' id='word_1_10' title='bbox 99 408 156 493; x_wconf 83' lang='lat' dir='ltr'>bus</span> <span class='ocrx_word' id='word_1_11' title='bbox 184 411 278 489; x_wconf 89' lang='lat' dir='ltr'>copiis</span> <span class='ocrx_word' id='word_1_12' title='bbox 305 412 440 488; x_wconf 91' lang='lat' dir='ltr'>equitum</span> <span class='ocrx_word' id='word_1_13' title='bbox 467 428 520 470; x_wconf 86' lang='lat' dir='ltr'>rex</span> <span class='ocrx_word' id='word_1_14' title='bbox 548 408 663 470; x_wconf 82' lang='lat' dir='ltr'><strong>Orodes</strong></span> <span class='ocrx_word' id='word_1_15' title='bbox 694 428 755 472; x_wconf 92' lang='lat' dir='ltr'>una</span> <span class='ocrx_word' id='word_1_16' title='bbox 785 429 854 472; x_wconf 90' lang='lat' dir='ltr'>cum</span> <span class='ocrx_word' id='word_1_17' title='bbox 885 418 970 490; x_wconf 93' lang='lat' dir='ltr'>parte</span> <span class='ocrx_word' id='word_1_18' title='bbox 1002 414 1112 473; x_wconf 89' lang='lat' dir='ltr'>maiore</span> 
     </span>
     <span class='ocr_line' id='line_1_4' title="bbox 99 497 1112 579; baseline 0.005 -22"><span class='ocrx_word' id='word_1_19' title='bbox 99 497 224 558; x_wconf 89' lang='lat' dir='ltr'>Romani</span> <span class='ocrx_word' id='word_1_20' title='bbox 251 501 401 559; x_wconf 85' lang='lat' dir='ltr'>exereitus</span> <span class='ocrx_word' id='word_1_21' title='bbox 428 500 588 559; x_wconf 80' lang='lat' dir='ltr'><strong>interemit.</strong></span> <span class='ocrx_word' id='word_1_22' title='bbox 637 499 779 578; x_wconf 82' lang='lat' dir='ltr'>reliquias</span> <span class='ocrx_word' id='word_1_23' title='bbox 806 498 957 579; x_wconf 90' lang='lat' dir='ltr'>legionum</span> <span class='ocrx_word' id='word_1_24' title='bbox 985 499 1016 561; x_wconf 82' lang='lat' dir='ltr'>C.</span> <span class='ocrx_word' id='word_1_25' title='bbox 1045 500 1112 562; x_wconf 89' lang='lat' dir='ltr'>Cas-</span> 
     </span>
    </p>
   </div>
   <div class='ocr_carea' id='block_1_3' title="bbox 56 587 1145 2703">
    <p class='ocr_par' dir='ltr' id='par_1_3' title="bbox 56 587 1145 2703">
     <span class='ocr_line' id='line_1_5' title="bbox 99 587 1112 670; baseline 0.003 -25"><span class='ocrx_word' id='word_1_26' title='bbox 99 588 174 668; x_wconf 89' lang='lat' dir='ltr'>sius,</span> <span class='ocrx_word' id='word_1_27' title='bbox 198 589 376 648; x_wconf 82' lang='lat' dir='ltr'>atrocissimi</span> <span class='ocrx_word' id='word_1_28' title='bbox 399 605 467 648; x_wconf 85' lang='lat' dir='ltr'>mox</span> <span class='ocrx_word' id='word_1_29' title='bbox 490 595 594 649; x_wconf 81' lang='lat' dir='ltr'>auctor</span> <span class='ocrx_word' id='word_1_30' title='bbox 613 587 767 670; x_wconf 77' lang='lat' dir='ltr'>iacinoriS,</span> <span class='ocrx_word' id='word_1_31' title='bbox 790 596 854 649; x_wconf 88' lang='lat' dir='ltr'>turn</span> <span class='ocrx_word' id='word_1_32' title='bbox 873 595 1021 669; x_wconf 79' lang='lat' dir='ltr'>quaestor,</span> <span class='ocrx_word' id='word_1_33' title='bbox 1044 608 1112 649; x_wconf 92' lang='lat' dir='ltr'>con-</span> 
     </span>
     <span class='ocr_line' id='line_1_6' title="bbox 72 675 1113 757; baseline 0.006 -25"><span class='ocrx_word' id='word_1_34' title='bbox 72 677 226 736; x_wconf 80' lang='lat' dir='ltr'>sservavit</span> <span class='ocrx_word' id='word_1_35' title='bbox 250 675 423 756; x_wconf 77' lang='lat' dir='ltr'>Syriamque</span> <span class='ocrx_word' id='word_1_36' title='bbox 447 675 520 736; x_wconf 92' lang='lat' dir='ltr'>adeo</span> <span class='ocrx_word' id='word_1_37' title='bbox 542 678 574 737; x_wconf 94' lang='lat' dir='ltr'>iu</span> <span class='ocrx_word' id='word_1_38' title='bbox 602 677 704 757; x_wconf 92' lang='lat' dir='ltr'>populi</span> <span class='ocrx_word' id='word_1_39' title='bbox 726 677 851 737; x_wconf 89' lang='lat' dir='ltr'>Romani</span> <span class='ocrx_word' id='word_1_40' title='bbox 873 684 1019 756; x_wconf 86' lang='lat' dir='ltr'>potestate</span> <span class='ocrx_word' id='word_1_41' title='bbox 1043 679 1113 738; x_wconf 91' lang='lat' dir='ltr'>reti-</span> 
     </span>
     <span class='ocr_line' id='line_1_7' title="bbox 98 765 1113 845; baseline 0.005 -24"><span class='ocrx_word' id='word_1_42' title='bbox 98 766 176 845; x_wconf 84' lang='lat' dir='ltr'>nuit,</span> <span class='ocrx_word' id='word_1_43' title='bbox 205 772 238 825; x_wconf 91' lang='lat' dir='ltr'>ut</span> <span class='ocrx_word' id='word_1_44' title='bbox 259 772 463 844; x_wconf 87' lang='lat' dir='ltr'>transgressos</span> <span class='ocrx_word' id='word_1_45' title='bbox 485 767 517 824; x_wconf 91' lang='lat' dir='ltr'>in</span> <span class='ocrx_word' id='word_1_46' title='bbox 541 782 606 825; x_wconf 90' lang='lat' dir='ltr'>eam</span> <span class='ocrx_word' id='word_1_47' title='bbox 628 765 754 827; x_wconf 86' lang='lat' dir='ltr'>Parthos</span> <span class='ocrx_word' id='word_1_48' title='bbox 777 766 856 827; x_wconf 85' lang='lat' dir='ltr'>felici</span> <span class='ocrx_word' id='word_1_49' title='bbox 879 783 982 826; x_wconf 90' lang='lat' dir='ltr'>rerum</span> <span class='ocrx_word' id='word_1_50' title='bbox 1005 773 1113 826; x_wconf 87' lang='lat' dir='ltr'>eventu</span> 
     </span>
     <span class='ocr_line' id='line_1_8' title="bbox 100 853 444 931; baseline 0.006 -20"><span class='ocrx_word' id='word_1_51' title='bbox 100 853 217 931; x_wconf 86' lang='lat' dir='ltr'>fugaret</span> <span class='ocrx_word' id='word_1_52' title='bbox 239 872 273 913; x_wconf 92' lang='lat' dir='ltr'>ac</span> <span class='ocrx_word' id='word_1_53' title='bbox 296 853 444 913; x_wconf 82' lang='lat' dir='ltr'>tunderet.</span> 
     </span>
     <span class='ocr_line' id='line_1_9' title="bbox 186 937 1141 1022; baseline 0.003 -21"><span class='ocrx_word' id='word_1_54' title='bbox 186 937 239 1001; x_wconf 82' lang='lat'>47.</span> <span class='ocrx_word' id='word_1_55' title='bbox 284 941 343 1001; x_wconf 89' lang='lat' dir='ltr'>Per</span> <span class='ocrx_word' id='word_1_56' title='bbox 369 941 442 1000; x_wconf 89' lang='lat' dir='ltr'>baec</span> <span class='ocrx_word' id='word_1_57' title='bbox 469 943 715 1020; x_wconf 89' lang='lat' dir='ltr'>insequentiaque</span> <span class='ocrx_word' id='word_1_58' title='bbox 748 949 778 1002; x_wconf 89' lang='lat' dir='ltr'>et</span> <span class='ocrx_word' id='word_1_59' title='bbox 809 961 885 1021; x_wconf 91' lang='lat' dir='ltr'>quae</span> <span class='ocrx_word' id='word_1_60' title='bbox 912 944 1141 1022; x_wconf 84' lang='lat' dir='ltr'>praediximus1</span> 
     </span>
     <span class='ocr_line' id='line_1_10' title="bbox 99 1029 1111 1109; baseline 0.003 -21"><span class='ocrx_word' id='word_1_61' title='bbox 99 1037 232 1108; x_wconf 89' lang='lat' dir='ltr'>tempora</span> <span class='ocrx_word' id='word_1_62' title='bbox 255 1029 382 1108; x_wconf 90' lang='lat' dir='ltr'>amplius</span> <span class='ocrx_word' id='word_1_63' title='bbox 405 1029 628 1109; x_wconf 86' lang='lat' dir='ltr'>quadringenta·</span> <span class='ocrx_word' id='word_1_64' title='bbox 642 1029 722 1090; x_wconf 90' lang='lat' dir='ltr'>milia</span> <span class='ocrx_word' id='word_1_65' title='bbox 744 1030 875 1091; x_wconf 90' lang='lat' dir='ltr'>hostium</span> <span class='ocrx_word' id='word_1_66' title='bbox 898 1050 915 1091; x_wconf 93' lang='lat' dir='ltr'>a</span> <span class='ocrx_word' id='word_1_67' title='bbox 938 1029 968 1091; x_wconf 93' lang='lat' dir='ltr'>C.</span> <span class='ocrx_word' id='word_1_68' title='bbox 987 1032 1111 1106; x_wconf 82' lang='lat' dir='ltr'>Caesare</span> 
     </span>
     <span class='ocr_line' id='line_1_11' title="bbox 60 1117 1114 1200; baseline 0.003 -23"><span class='ocrx_word' id='word_1_69' title='bbox 60 1138 86 1177; x_wconf 83' lang='grc' dir='ltr'>ιο</span> <span class='ocrx_word' id='word_1_70' title='bbox 101 1136 185 1177; x_wconf 89' lang='lat' dir='ltr'>caesa</span> <span class='ocrx_word' id='word_1_71' title='bbox 215 1125 299 1198; x_wconf 90' lang='lat' dir='ltr'>sunt,</span> <span class='ocrx_word' id='word_1_72' title='bbox 330 1117 416 1197; x_wconf 90' lang='lat' dir='ltr'>plura</span> <span class='ocrx_word' id='word_1_73' title='bbox 448 1125 547 1198; x_wconf 66' lang='lat' dir='ltr'>captaq</span> <span class='ocrx_word' id='word_1_74' title='bbox 576 1126 740 1198; x_wconf 90' lang='lat' dir='ltr'>pugnatum</span> <span class='ocrx_word' id='word_1_75' title='bbox 771 1137 859 1198; x_wconf 88' lang='lat' dir='ltr'>saepe</span> <span class='ocrx_word' id='word_1_76' title='bbox 891 1120 1011 1180; x_wconf 87' lang='lat' dir='ltr'>derecta</span> <span class='ocrx_word' id='word_1_77' title='bbox 1043 1123 1114 1200; x_wconf 89' lang='lat' dir='ltr'>acie,</span> 
     </span>
     <span class='ocr_line' id='line_1_12' title="bbox 100 1204 1115 1289; baseline 0.003 -24"><span class='ocrx_word' id='word_1_78' title='bbox 100 1224 187 1285; x_wconf 90' lang='lat' dir='ltr'>saepe</span> <span class='ocrx_word' id='word_1_79' title='bbox 217 1205 276 1283; x_wconf 90' lang='lat' dir='ltr'>[in]</span> <span class='ocrx_word' id='word_1_80' title='bbox 305 1204 484 1288; x_wconf 83' lang='lat' dir='ltr'>agminibus,</span> <span class='ocrx_word' id='word_1_81' title='bbox 517 1225 604 1286; x_wconf 91' lang='lat' dir='ltr'>saepe</span> <span class='ocrx_word' id='word_1_82' title='bbox 632 1208 853 1289; x_wconf 77' lang='lat' dir='ltr'>eruptionibuS,</span> <span class='ocrx_word' id='word_1_83' title='bbox 884 1207 931 1268; x_wconf 94' lang='lat' dir='ltr'>bis</span> <span class='ocrx_word' id='word_1_84' title='bbox 960 1215 1115 1287; x_wconf 88' lang='lat' dir='ltr'>penetrata</span> 
     </span>
     <span class='ocr_line' id='line_1_13' title="bbox 98 1294 1113 1376; baseline 0.002 -22"><span class='ocrx_word' id='word_1_85' title='bbox 98 1295 263 1376; x_wconf 85' lang='lat' dir='ltr'>Britannia,</span> <span class='ocrx_word' id='word_1_86' title='bbox 287 1313 393 1356; x_wconf 88' lang='lat' dir='ltr'>novem</span> <span class='ocrx_word' id='word_1_87' title='bbox 416 1294 544 1374; x_wconf 91' lang='lat' dir='ltr'>denique</span> <span class='ocrx_word' id='word_1_88' title='bbox 567 1295 730 1357; x_wconf 88' lang='lat' dir='ltr'>aestatibus</span> <span class='ocrx_word' id='word_1_89' title='bbox 753 1299 800 1356; x_wconf 81' lang='lat' dir='ltr'>vir</span> <span class='ocrx_word' id='word_1_90' title='bbox 824 1295 883 1357; x_wconf 91' lang='lat' dir='ltr'>ulla</span> <span class='ocrx_word' id='word_1_91' title='bbox 905 1314 966 1356; x_wconf 91' lang='lat' dir='ltr'>non</span> <span class='ocrx_word' id='word_1_92' title='bbox 988 1299 1113 1358; x_wconf 87' lang='lat' dir='ltr'>iustissi-</span> 
     </span>
     <span class='ocr_line' id='line_1_14' title="bbox 99 1384 1114 1464; baseline 0.003 -20"><span class='ocrx_word' id='word_1_93' title='bbox 99 1402 165 1444; x_wconf 88' lang='lat' dir='ltr'>mus</span> <span class='ocrx_word' id='word_1_94' title='bbox 188 1384 358 1464; x_wconf 91' lang='lat' dir='ltr'>triumphus</span> <span class='ocrx_word' id='word_1_95' title='bbox 386 1386 538 1445; x_wconf 90' lang='lat' dir='ltr'>emeritus.</span> <span class='ocrx_word' id='word_1_96' title='bbox 583 1387 663 1446; x_wconf 91' lang='lat' dir='ltr'>circa</span> <span class='ocrx_word' id='word_1_97' title='bbox 685 1385 814 1446; x_wconf 78' lang='lat' dir='ltr'>Alesiam</span> <span class='ocrx_word' id='word_1_98' title='bbox 841 1404 911 1445; x_wconf 91' lang='lat' dir='ltr'>vero</span> <span class='ocrx_word' id='word_1_99' title='bbox 939 1394 1037 1446; x_wconf 87' lang='lat' dir='ltr'>tantae</span> <span class='ocrx_word' id='word_1_100' title='bbox 1065 1404 1114 1447; x_wconf 91' lang='lat' dir='ltr'>res</span> 
     </span>
     <span class='ocr_line' id='line_1_15' title="bbox 98 1472 1114 1555; baseline 0.003 -23"><span class='ocrx_word' id='word_1_101' title='bbox 98 1480 211 1553; x_wconf 83' lang='lat' dir='ltr'>gestae,</span> <span class='ocrx_word' id='word_1_102' title='bbox 230 1480 355 1551; x_wconf 92' lang='lat' dir='ltr'>quantas</span> <span class='ocrx_word' id='word_1_103' title='bbox 374 1473 483 1533; x_wconf 91' lang='lat' dir='ltr'>audere</span> <span class='ocrx_word' id='word_1_104' title='bbox 502 1475 551 1532; x_wconf 83' lang='lat' dir='ltr'>vix</span> <span class='ocrx_word' id='word_1_105' title='bbox 563 1472 706 1555; x_wconf 83' lang='lat' dir='ltr'>hominis,</span> <span class='ocrx_word' id='word_1_106' title='bbox 728 1475 873 1554; x_wconf 86' lang='lat' dir='ltr'>perficere</span> <span class='ocrx_word' id='word_1_107' title='bbox 890 1492 983 1553; x_wconf 90' lang='lat' dir='ltr'>paene</span> <span class='ocrx_word' id='word_1_108' title='bbox 1003 1474 1114 1536; x_wconf 91' lang='lat' dir='ltr'>nullius</span> 
     </span>
     <span class='ocr_line' id='line_1_16' title="bbox 58 1561 1144 1640; baseline 0.004 -20"><span class='ocrx_word' id='word_1_109' title='bbox 58 1581 84 1620; x_wconf 87' lang='lat'>15</span> <span class='ocrx_word' id='word_1_110' title='bbox 99 1563 157 1621; x_wconf 91' lang='lat' dir='ltr'>nisi</span> <span class='ocrx_word' id='word_1_111' title='bbox 180 1561 228 1622; x_wconf 90' lang='lat' dir='ltr'>dei</span> <span class='ocrx_word' id='word_1_112' title='bbox 252 1563 351 1622; x_wconf 86' lang='lat' dir='ltr'>fuerit.</span> <span class='ocrx_word' id='word_1_113' title='bbox 397 1568 503 1640; x_wconf 90' lang='lat' dir='ltr'>quarto</span> <span class='ocrx_word' id='word_1_114' title='bbox 531 1561 625 1622; x_wconf 82' lang='lat' dir='ltr'>ferme</span> <span class='ocrx_word' id='word_1_115' title='bbox 650 1580 729 1622; x_wconf 92' lang='lat' dir='ltr'>anno</span> <span class='ocrx_word' id='word_1_116' title='bbox 754 1562 861 1623; x_wconf 88' lang='lat' dir='ltr'>Caesar</span> <span class='ocrx_word' id='word_1_117' title='bbox 884 1561 1055 1624; x_wconf 90' lang='lat' dir='ltr'>morabatur</span> <span class='ocrx_word' id='word_1_118' title='bbox 1082 1566 1144 1624; x_wconf 76' lang='lat' dir='ltr'>ina</span> 
     </span>
     <span class='ocr_line' id='line_1_17' title="bbox 99 1649 1113 1731; baseline 0.002 -22"><span class='ocrx_word' id='word_1_119' title='bbox 99 1649 213 1731; x_wconf 90' lang='lat' dir='ltr'>Galliis,</span> <span class='ocrx_word' id='word_1_120' title='bbox 237 1668 305 1711; x_wconf 90' lang='lat' dir='ltr'>eum</span> <span class='ocrx_word' id='word_1_121' title='bbox 327 1649 459 1710; x_wconf 90' lang='lat' dir='ltr'>medium</span> <span class='ocrx_word' id='word_1_122' title='bbox 482 1651 540 1709; x_wconf 92' lang='lat' dir='ltr'>iam</span> <span class='ocrx_word' id='word_1_123' title='bbox 562 1668 597 1710; x_wconf 83' lang='lat' dir='ltr'>er</span> <span class='ocrx_word' id='word_1_124' title='bbox 616 1651 724 1711; x_wconf 83' lang='lat' dir='ltr'>invidia</span> <span class='ocrx_word' id='word_1_125' title='bbox 742 1653 891 1730; x_wconf 90' lang='lat' dir='ltr'>potentiae</span> <span class='ocrx_word' id='word_1_126' title='bbox 910 1651 985 1711; x_wconf 91' lang='lat' dir='ltr'>male</span> <span class='ocrx_word' id='word_1_127' title='bbox 1010 1651 1113 1712; x_wconf 89' lang='lat' dir='ltr'>cohae-</span> 
     </span>
     <span class='ocr_line' id='line_1_18' title="bbox 98 1737 1114 1817; baseline 0.002 -19"><span class='ocrx_word' id='word_1_128' title='bbox 98 1741 193 1798; x_wconf 90' lang='lat' dir='ltr'>rentis</span> <span class='ocrx_word' id='word_1_129' title='bbox 224 1741 303 1799; x_wconf 91' lang='lat' dir='ltr'>inter</span> <span class='ocrx_word' id='word_1_130' title='bbox 336 1737 387 1799; x_wconf 93' lang='lat' dir='ltr'>Cn.</span> <span class='ocrx_word' id='word_1_131' title='bbox 418 1738 592 1817; x_wconf 88' lang='lat' dir='ltr'>Pompeium</span> <span class='ocrx_word' id='word_1_132' title='bbox 623 1746 655 1799; x_wconf 89' lang='lat' dir='ltr'>et</span> <span class='ocrx_word' id='word_1_133' title='bbox 686 1738 716 1799; x_wconf 86' lang='lat' dir='ltr'>C.</span> <span class='ocrx_word' id='word_1_134' title='bbox 750 1738 906 1800; x_wconf 88' lang='lat' dir='ltr'>Caesarem</span> <span class='ocrx_word' id='word_1_135' title='bbox 937 1740 1114 1801; x_wconf 91' lang='lat' dir='ltr'>concordiae</span> 
     </span>
     <span class='ocr_line' id='line_1_19' title="bbox 98 1825 1113 1908; baseline 0.004 -22"><span class='ocrx_word' id='word_1_136' title='bbox 98 1830 206 1906; x_wconf 91' lang='lat' dir='ltr'>pignus</span> <span class='ocrx_word' id='word_1_137' title='bbox 230 1827 316 1908; x_wconf 91' lang='lat' dir='ltr'>lulia,</span> <span class='ocrx_word' id='word_1_138' title='bbox 339 1845 415 1887; x_wconf 82' lang='lat' dir='ltr'>uxor</span> <span class='ocrx_word' id='word_1_139' title='bbox 432 1825 543 1907; x_wconf 86' lang='lat' dir='ltr'>Magni,</span> <span class='ocrx_word' id='word_1_140' title='bbox 566 1827 707 1888; x_wconf 88' lang='lat' dir='ltr'>decessit:</span> <span class='ocrx_word' id='word_1_141' title='bbox 729 1836 818 1907; x_wconf 90' lang='lat' dir='ltr'>atque</span> <span class='ocrx_word' id='word_1_142' title='bbox 842 1830 939 1888; x_wconf 90' lang='lat' dir='ltr'>omnia</span> <span class='ocrx_word' id='word_1_143' title='bbox 962 1830 1041 1889; x_wconf 85' lang='lat' dir='ltr'>inter</span> <span class='ocrx_word' id='word_1_144' title='bbox 1064 1829 1113 1890; x_wconf 87' lang='lat' dir='ltr'>de·</span> 
     </span>
     <span class='ocr_line' id='line_1_20' title="bbox 98 1915 1114 1978; baseline 0.003 -3"><span class='ocrx_word' id='word_1_145' title='bbox 98 1918 223 1976; x_wconf 90' lang='lat' dir='ltr'>stinatos</span> <span class='ocrx_word' id='word_1_146' title='bbox 254 1924 337 1976; x_wconf 89' lang='lat' dir='ltr'>tanto</span> <span class='ocrx_word' id='word_1_147' title='bbox 369 1915 534 1976; x_wconf 84' lang='lat' dir='ltr'>discrimini</span> <span class='ocrx_word' id='word_1_148' title='bbox 566 1915 658 1976; x_wconf 87' lang='lat' dir='ltr'>duces</span> <span class='ocrx_word' id='word_1_149' title='bbox 689 1916 847 1977; x_wconf 88' lang='lat' dir='ltr'>dirimente</span> <span class='ocrx_word' id='word_1_150' title='bbox 884 1918 1003 1978; x_wconf 77' lang='lat' dir='ltr'>fortuna</span> <span class='ocrx_word' id='word_1_151' title='bbox 1035 1917 1114 1978; x_wconf 86' lang='lat' dir='ltr'>lilius</span> 
     </span>
     <span class='ocr_line' id='line_1_21' title="bbox 56 2002 1115 2086; baseline 0.001 -20"><span class='ocrx_word' id='word_1_152' title='bbox 56 2027 84 2066; x_wconf 82' lang='lat' dir='ltr'>ao</span> <span class='ocrx_word' id='word_1_153' title='bbox 98 2022 219 2082; x_wconf 90' lang='lat' dir='ltr'>quoque</span> <span class='ocrx_word' id='word_1_154' title='bbox 242 2021 352 2083; x_wconf 88' lang='lat' dir='ltr'>parvus</span> <span class='ocrx_word' id='word_1_155' title='bbox 374 2002 511 2083; x_wconf 92' lang='lat' dir='ltr'>Pompei,</span> <span class='ocrx_word' id='word_1_156' title='bbox 538 2003 611 2064; x_wconf 86' lang='lat' dir='ltr'>lulla</span> <span class='ocrx_word' id='word_1_157' title='bbox 634 2012 734 2086; x_wconf 90' lang='lat' dir='ltr'>natus,</span> <span class='ocrx_word' id='word_1_158' title='bbox 762 2007 840 2066; x_wconf 91' lang='lat' dir='ltr'>intra</span> <span class='ocrx_word' id='word_1_159' title='bbox 867 2004 957 2065; x_wconf 86' lang='lat' dir='ltr'>breve</span> <span class='ocrx_word' id='word_1_160' title='bbox 986 2009 1115 2085; x_wconf 90' lang='lat' dir='ltr'>spatium</span> 
     </span>
     <span class='ocr_line' id='line_1_22' title="bbox 99 2091 1144 2177; baseline 0.005 -26"><span class='ocrx_word' id='word_1_161' title='bbox 99 2092 180 2152; x_wconf 91' lang='lat' dir='ltr'>obiit.</span> <span class='ocrx_word' id='word_1_162' title='bbox 226 2099 290 2153; x_wconf 92' lang='lat' dir='ltr'>tum</span> <span class='ocrx_word' id='word_1_163' title='bbox 317 2094 349 2151; x_wconf 91' lang='lat' dir='ltr'>in</span> <span class='ocrx_word' id='word_1_164' title='bbox 376 2091 489 2170; x_wconf 82' lang='lat' dir='ltr'>gladios</span> <span class='ocrx_word' id='word_1_165' title='bbox 516 2092 681 2171; x_wconf 90' lang='lat' dir='ltr'>caedesque</span> <span class='ocrx_word' id='word_1_166' title='bbox 711 2096 820 2155; x_wconf 86' lang='lat' dir='ltr'>civium</span> <span class='ocrx_word' id='word_1_167' title='bbox 847 2095 964 2155; x_wconf 82' lang='lat' dir='ltr'>furente</span> <span class='ocrx_word' id='word_1_168' title='bbox 992 2094 1144 2177; x_wconf 87' lang='lat' dir='ltr'>ambitu,3</span> 
     </span>
     <span class='ocr_line' id='line_1_23' title="bbox 99 2180 1112 2262; baseline 0.003 -22"><span class='ocrx_word' id='word_1_169' title='bbox 99 2183 185 2240; x_wconf 92' lang='lat' dir='ltr'>cuius</span> <span class='ocrx_word' id='word_1_170' title='bbox 214 2199 311 2260; x_wconf 91' lang='lat' dir='ltr'>neque</span> <span class='ocrx_word' id='word_1_171' title='bbox 341 2181 409 2240; x_wconf 88' lang='lat' dir='ltr'>finis</span> <span class='ocrx_word' id='word_1_172' title='bbox 436 2180 643 2259; x_wconf 89' lang='lat' dir='ltr'>reperiebatur</span> <span class='ocrx_word' id='word_1_173' title='bbox 670 2199 726 2242; x_wconf 90' lang='lat' dir='ltr'>nee</span> <span class='ocrx_word' id='word_1_174' title='bbox 753 2183 873 2262; x_wconf 88' lang='lat' dir='ltr'>modus,</span> <span class='ocrx_word' id='word_1_175' title='bbox 905 2184 1012 2243; x_wconf 89' lang='lat' dir='ltr'>tertius</span> <span class='ocrx_word' id='word_1_176' title='bbox 1044 2202 1112 2243; x_wconf 89' lang='lat' dir='ltr'>eon·</span> 
     </span>
     <span class='ocr_line' id='line_1_24' title="bbox 99 2267 1113 2350; baseline 0.002 -21"><span class='ocrx_word' id='word_1_177' title='bbox 99 2269 213 2330; x_wconf 89' lang='lat' dir='ltr'>sulatus</span> <span class='ocrx_word' id='word_1_178' title='bbox 237 2269 292 2329; x_wconf 92' lang='lat' dir='ltr'>soli</span> <span class='ocrx_word' id='word_1_179' title='bbox 316 2267 368 2329; x_wconf 93' lang='lat' dir='ltr'>Cn.</span> <span class='ocrx_word' id='word_1_180' title='bbox 390 2269 532 2348; x_wconf 90' lang='lat' dir='ltr'>Pompeio</span> <span class='ocrx_word' id='word_1_181' title='bbox 557 2271 646 2329; x_wconf 90' lang='lat' dir='ltr'>etiam</span> <span class='ocrx_word' id='word_1_182' title='bbox 669 2269 889 2331; x_wconf 89' lang='lat' dir='ltr'>adversantium</span> <span class='ocrx_word' id='word_1_183' title='bbox 912 2278 997 2331; x_wconf 91' lang='lat' dir='ltr'>antea</span> <span class='ocrx_word' id='word_1_184' title='bbox 1020 2272 1113 2350; x_wconf 90' lang='lat' dir='ltr'>digni·</span> 
     </span>
     <span class='ocr_line' id='line_1_25' title="bbox 99 2356 1115 2439; baseline 0.002 -21"><span class='ocrx_word' id='word_1_185' title='bbox 99 2361 153 2418; x_wconf 92' lang='lat' dir='ltr'>tati</span> <span class='ocrx_word' id='word_1_186' title='bbox 173 2361 237 2418; x_wconf 90' lang='lat' dir='ltr'>eius</span> <span class='ocrx_word' id='word_1_187' title='bbox 256 2357 365 2418; x_wconf 87' lang='lat' dir='ltr'>iudicio</span> <span class='ocrx_word' id='word_1_188' title='bbox 385 2356 499 2418; x_wconf 91' lang='lat' dir='ltr'>delatus</span> <span class='ocrx_word' id='word_1_189' title='bbox 519 2365 578 2439; x_wconf 91' lang='lat' dir='ltr'>est,</span> <span class='ocrx_word' id='word_1_190' title='bbox 601 2361 687 2419; x_wconf 89' lang='lat' dir='ltr'>cuius</span> <span class='ocrx_word' id='word_1_191' title='bbox 705 2358 754 2419; x_wconf 94' lang='lat' dir='ltr'>ille</span> <span class='ocrx_word' id='word_1_192' title='bbox 772 2358 895 2420; x_wconf 91' lang='lat' dir='ltr'>honoris</span> <span class='ocrx_word' id='word_1_193' title='bbox 913 2359 1006 2438; x_wconf 91' lang='lat' dir='ltr'>gloria</span> <span class='ocrx_word' id='word_1_194' title='bbox 1024 2359 1115 2420; x_wconf 92' lang='lat' dir='ltr'>veluti</span> 
     </span>
     <span class='ocr_line' id='line_1_26' title="bbox 58 2446 1114 2525; baseline 0.004 -20"><span class='ocrx_word' id='word_1_195' title='bbox 58 2473 86 2513; x_wconf 77' lang='lat'>25</span> <span class='ocrx_word' id='word_1_196' title='bbox 102 2447 300 2508; x_wconf 89' lang='lat' dir='ltr'>reconciliatis</span> <span class='ocrx_word' id='word_1_197' title='bbox 319 2446 376 2506; x_wconf 92' lang='lat' dir='ltr'>sibi</span> <span class='ocrx_word' id='word_1_198' title='bbox 394 2446 586 2525; x_wconf 88' lang='lat' dir='ltr'>optimatibus</span> <span class='ocrx_word' id='word_1_199' title='bbox 605 2450 731 2508; x_wconf 84' lang='lat' dir='ltr'>maxime</span> <span class='ocrx_word' id='word_1_200' title='bbox 750 2447 812 2509; x_wconf 91' lang='lat' dir='ltr'>aC.</span> <span class='ocrx_word' id='word_1_201' title='bbox 827 2447 951 2509; x_wconf 88' lang='lat' dir='ltr'>Caesare</span> <span class='ocrx_word' id='word_1_202' title='bbox 971 2448 1114 2509; x_wconf 90' lang='lat' dir='ltr'>alienatus</span> 
     </span>
     <span class='ocr_line' id='line_1_27' title="bbox 99 2534 1112 2615; baseline 0.002 -20"><span class='ocrx_word' id='word_1_203' title='bbox 99 2544 157 2615; x_wconf 81' lang='lat' dir='ltr'>est3</span> <span class='ocrx_word' id='word_1_204' title='bbox 181 2535 233 2596; x_wconf 88' lang='lat' dir='ltr'>sed</span> <span class='ocrx_word' id='word_1_205' title='bbox 257 2538 321 2595; x_wconf 89' lang='lat' dir='ltr'>eius</span> <span class='ocrx_word' id='word_1_206' title='bbox 345 2534 517 2596; x_wconf 88' lang='lat' dir='ltr'>consulatus</span> <span class='ocrx_word' id='word_1_207' title='bbox 540 2555 659 2596; x_wconf 89' lang='lat' dir='ltr'>omnem</span> <span class='ocrx_word' id='word_1_208' title='bbox 681 2539 740 2596; x_wconf 86' lang='lat' dir='ltr'>vim</span> <span class='ocrx_word' id='word_1_209' title='bbox 763 2540 794 2596; x_wconf 94' lang='lat' dir='ltr'>in</span> <span class='ocrx_word' id='word_1_210' title='bbox 818 2539 998 2598; x_wconf 76' lang='lat' dir='ltr'>coercitione</span> <span class='ocrx_word' id='word_1_211' title='bbox 1021 2537 1112 2598; x_wconf 92' lang='lat' dir='ltr'>ambi-</span> 
     </span>
     <span class='ocr_line' id='line_1_28' title="bbox 99 2624 1145 2703; baseline 0.005 -21"><span class='ocrx_word' id='word_1_212' title='bbox 99 2631 147 2683; x_wconf 90' lang='lat' dir='ltr'>tus</span> <span class='ocrx_word' id='word_1_213' title='bbox 171 2627 313 2684; x_wconf 82' lang='lat' dir='ltr'>erercuit.</span> <span class='ocrx_word' id='word_1_214' title='bbox 349 2641 409 2702; x_wconf 86' lang='lat' dir='ltr'>quo</span> <span class='ocrx_word' id='word_1_215' title='bbox 432 2631 566 2703; x_wconf 87' lang='lat' dir='ltr'>tempore</span> <span class='ocrx_word' id='word_1_216' title='bbox 589 2625 621 2685; x_wconf 89' lang='lat' dir='ltr'>P.</span> <span class='ocrx_word' id='word_1_217' title='bbox 643 2624 763 2686; x_wconf 86' lang='lat' dir='ltr'>Clodius</span> <span class='ocrx_word' id='word_1_218' title='bbox 787 2644 803 2686; x_wconf 92' lang='lat' dir='ltr'>a</span> <span class='ocrx_word' id='word_1_219' title='bbox 826 2625 934 2686; x_wconf 89' lang='lat' dir='ltr'>Milone</span> <span class='ocrx_word' id='word_1_220' title='bbox 958 2626 1145 2687; x_wconf 76' lang='lat' dir='ltr'>candidatot</span> 
     </span>
    </p>
   </div>
   <div class='ocr_carea' id='block_1_4' title="bbox 98 2793 1116 3501">
    <p class='ocr_par' dir='ltr' id='par_1_4' title="bbox 98 2793 1116 3216">
     <span class='ocr_line' id='line_1_29' title="bbox 171 2793 1114 2864; baseline 0.003 -16"><span class='ocrx_word' id='word_1_221' title='bbox 171 2800 185 2848; x_wconf 84' lang='lat'>1</span> <span class='ocrx_word' id='word_1_222' title='bbox 210 2793 394 2848; x_wconf 81' lang='lat' dir='ltr'>circumfusus</span> <span class='ocrx_word' id='word_1_223' title='bbox 422 2794 608 2850; x_wconf 79' lang='lat' dir='ltr'>Vneeoeoeua:</span> <span class='ocrx_word' id='word_1_224' title='bbox 637 2794 819 2850; x_wconf 75' lang='lat' dir='ltr'>circumfluos</span> <span class='ocrx_word' id='word_1_225' title='bbox 842 2797 912 2864; x_wconf 84' lang='grc' dir='ltr'>ΑΡ,</span> <span class='ocrx_word' id='word_1_226' title='bbox 940 2796 1114 2851; x_wconf 82' lang='lat' dir='ltr'>circumfusis</span> 
     </span>
     <span class='ocr_line' id='line_1_30' title="bbox 100 2863 1114 2934; baseline 0.004 -17"><span class='ocrx_word' id='word_1_227' title='bbox 100 2863 241 2931; x_wconf 77' lang='lat' dir='ltr'>Gelenius,</span> <span class='ocrx_word' id='word_1_228' title='bbox 260 2866 295 2931; x_wconf 84' lang='lat' dir='ltr'>cf.</span> <span class='ocrx_word' id='word_1_229' title='bbox 317 2870 419 2932; x_wconf 82' lang='lat'>112,4</span> <span class='ocrx_word' id='word_1_230' title='bbox 494 2871 609 2924; x_wconf 71' lang='lat' dir='ltr'>eecce</span> <span class='ocrx_word' id='word_1_231' title='bbox 628 2867 696 2919; x_wconf 83' lang='lat' dir='ltr'>AP:</span> <span class='ocrx_word' id='word_1_232' title='bbox 720 2874 794 2925; x_wconf 56' lang='grc' dir='ltr'>πᾶα-οῖ)</span> <span class='ocrx_word' id='word_1_233' title='bbox 813 2867 941 2934; x_wconf 78' lang='lat' dir='ltr'>Lipsius,</span> <span class='ocrx_word' id='word_1_234' title='bbox 960 2873 1025 2928; x_wconf 66' lang='lat' dir='ltr'>nio-c</span> <span class='ocrx_word' id='word_1_235' title='bbox 1050 2867 1114 2921; x_wconf 81' lang='lat' dir='ltr'>Vor-</span> 
     </span>
     <span class='ocr_line' id='line_1_31' title="bbox 98 2934 1115 3006; baseline 0.003 -18"><span class='ocrx_word' id='word_1_236' title='bbox 98 2936 170 3000; x_wconf 77' lang='lat' dir='ltr'>atne,</span> <span class='ocrx_word' id='word_1_237' title='bbox 188 2940 220 2989; x_wconf 80' lang='lat' dir='ltr'>et</span> <span class='ocrx_word' id='word_1_238' title='bbox 237 2941 276 2989; x_wconf 83' lang='lat' dir='ltr'>eat</span> <span class='ocrx_word' id='word_1_239' title='bbox 294 2936 371 3002; x_wconf 77' lang='lat' dir='ltr'>apud</span> <span class='ocrx_word' id='word_1_240' title='bbox 388 2934 462 3003; x_wconf 84' lang='lat' dir='ltr'>App.</span> <span class='ocrx_word' id='word_1_241' title='bbox 483 2937 556 2990; x_wconf 80' lang='lat' dir='ltr'>Gall.</span> <span class='ocrx_word' id='word_1_242' title='bbox 577 2943 605 3005; x_wconf 89' lang='lat'>1,</span> <span class='ocrx_word' id='word_1_243' title='bbox 620 2943 636 2989; x_wconf 80' lang='lat'><strong>2</strong></span> <span class='ocrx_word' id='word_1_244' title='bbox 655 2942 679 2990; x_wconf 85' lang='lat' dir='ltr'>et</span> <span class='ocrx_word' id='word_1_245' title='bbox 695 2937 770 2991; x_wconf 80' lang='lat' dir='ltr'>Prot.</span> <span class='ocrx_word' id='word_1_246' title='bbox 785 2954 809 2991; x_wconf 89' lang='lat' dir='ltr'>e.</span> <span class='ocrx_word' id='word_1_247' title='bbox 826 2939 921 3006; x_wconf 86' lang='lat' dir='ltr'>Pomp.</span> <span class='ocrx_word' id='word_1_248' title='bbox 938 2944 970 2991; x_wconf 76' lang='grc'>67</span> <span class='ocrx_word' id='word_1_249' title='bbox 1029 2944 1061 2991; x_wconf 89' lang='grc'>10</span> <span class='ocrx_word' id='word_1_250' title='bbox 1080 2938 1115 2991; x_wconf 89' lang='lat' dir='ltr'>de</span> 
     </span>
     <span class='ocr_line' id='line_1_32' title="bbox 98 3005 1116 3074; baseline 0.004 -16"><span class='ocrx_word' id='word_1_251' title='bbox 98 3007 177 3060; x_wconf 85' lang='lat' dir='ltr'>recta</span> <span class='ocrx_word' id='word_1_252' title='bbox 198 3007 240 3074; x_wconf 84' lang='lat' dir='ltr'>A,</span> <span class='ocrx_word' id='word_1_253' title='bbox 263 3005 371 3060; x_wconf 85' lang='lat' dir='ltr'>directa</span> <span class='ocrx_word' id='word_1_254' title='bbox 394 3006 432 3072; x_wconf 90' lang='lat' dir='ltr'>P;</span> <span class='ocrx_word' id='word_1_255' title='bbox 455 3024 547 3061; x_wconf 85' lang='lat' dir='ltr'>ceram</span> <span class='ocrx_word' id='word_1_256' title='bbox 568 3008 685 3074; x_wconf 81' lang='lat' dir='ltr'>formam</span> <span class='ocrx_word' id='word_1_257' title='bbox 708 3008 735 3061; x_wconf 75' lang='lat' dir='ltr'><strong><em>A</em></strong></span> <span class='ocrx_word' id='word_1_258' title='bbox 759 3010 877 3062; x_wconf 79' lang='lat' dir='ltr'>seruerit</span> <span class='ocrx_word' id='word_1_259' title='bbox 898 3010 962 3062; x_wconf 85' lang='lat' dir='ltr'>item</span> <span class='ocrx_word' id='word_1_260' title='bbox 984 3012 1032 3074; x_wconf 80' lang='lat'>95,</span> <span class='ocrx_word' id='word_1_261' title='bbox 1051 3014 1066 3061; x_wconf 85' lang='lat'>2</span> <span class='ocrx_word' id='word_1_262' title='bbox 1090 3013 1116 3062; x_wconf 85' lang='lat' dir='ltr'>et</span> 
     </span>
     <span class='ocr_line' id='line_1_33' title="bbox 100 3075 1114 3147; baseline 0.003 -17"><span class='ocrx_word' id='word_1_263' title='bbox 100 3083 200 3145; x_wconf 82' lang='lat'>112,3</span> <span class='ocrx_word' id='word_1_264' title='bbox 284 3084 316 3130; x_wconf 93' lang='lat'>11</span> <span class='ocrx_word' id='word_1_265' title='bbox 335 3075 365 3130; x_wconf 90' lang='lat' dir='ltr'>in</span> <span class='ocrx_word' id='word_1_266' title='bbox 383 3093 433 3130; x_wconf 84' lang='lat' dir='ltr'>em.</span> <span class='ocrx_word' id='word_1_267' title='bbox 452 3077 580 3147; x_wconf 77' lang='lat' dir='ltr'>In&#39;peiee,</span> <span class='ocrx_word' id='word_1_268' title='bbox 599 3080 634 3145; x_wconf 79' lang='lat' dir='ltr'>cf.</span> <span class='ocrx_word' id='word_1_269' title='bbox 653 3078 714 3132; x_wconf 66' lang='lat' dir='ltr'>Ino.</span> <span class='ocrx_word' id='word_1_270' title='bbox 734 3084 781 3145; x_wconf 80' lang='lat'>29,</span> <span class='ocrx_word' id='word_1_271' title='bbox 801 3084 884 3145; x_wconf 84' lang='grc'>36,4</span> <span class='ocrx_word' id='word_1_272' title='bbox 967 3084 1000 3130; x_wconf 81' lang='grc'>14</span> <span class='ocrx_word' id='word_1_273' title='bbox 1018 3080 1114 3147; x_wconf 81' lang='lat' dir='ltr'>gestae</span> 
     </span>
     <span class='ocr_line' id='line_1_34' title="bbox 101 3148 1114 3216; baseline 0.003 -15"><span class='ocrx_word' id='word_1_274' title='bbox 101 3149 178 3202; x_wconf 84' lang='lat' dir='ltr'>MA:</span> <span class='ocrx_word' id='word_1_275' title='bbox 201 3165 251 3202; x_wconf 79' lang='lat' dir='ltr'>ont.</span> <span class='ocrx_word' id='word_1_276' title='bbox 278 3148 306 3200; x_wconf 95' lang='lat' dir='ltr'><strong><em>P</em></strong></span> <span class='ocrx_word' id='word_1_277' title='bbox 392 3152 423 3200; x_wconf 81' lang='lat'>15</span> <span class='ocrx_word' id='word_1_278' title='bbox 448 3150 548 3215; x_wconf 87' lang='lat' dir='ltr'>quarto</span> <span class='ocrx_word' id='word_1_279' title='bbox 567 3148 705 3202; x_wconf 82' lang='lat' dir='ltr'>Leureet:</span> <span class='ocrx_word' id='word_1_280' title='bbox 729 3148 849 3216; x_wconf 87' lang='lat' dir='ltr'>septimo</span> <span class='ocrx_word' id='word_1_281' title='bbox 869 3149 936 3215; x_wconf 87' lang='lat' dir='ltr'>AP,</span> <span class='ocrx_word' id='word_1_282' title='bbox 961 3149 1059 3216; x_wconf 88' lang='lat' dir='ltr'>quinto</span> <span class='ocrx_word' id='word_1_283' title='bbox 1077 3151 1114 3205; x_wconf 84' lang='lat' dir='ltr'>ci.</span> 
     </span>
    </p>

    <p class='ocr_par' dir='ltr' id='par_1_5' title="bbox 99 3218 1115 3501">
     <span class='ocr_line' id='line_1_35' title="bbox 154 3218 1115 3287; baseline 0.003 -16"><span class='ocrx_word' id='word_1_284' title='bbox 154 3225 187 3273; x_wconf 85' lang='grc'>16</span> <span class='ocrx_word' id='word_1_285' title='bbox 202 3218 291 3273; x_wconf 75' lang='lat' dir='ltr'>Gallis</span> <span class='ocrx_word' id='word_1_286' title='bbox 305 3219 333 3271; x_wconf 83' lang='lat' dir='ltr'><strong><em>A</em></strong></span> <span class='ocrx_word' id='word_1_287' title='bbox 350 3221 353 3287; x_wconf 81' lang='lat' dir='ltr'>l</span> <span class='ocrx_word' id='word_1_288' title='bbox 369 3218 512 3287; x_wconf 86' lang='lat' dir='ltr'>potentiae</span> <span class='ocrx_word' id='word_1_289' title='bbox 528 3219 602 3274; x_wconf 85' lang='lat' dir='ltr'>male</span> <span class='ocrx_word' id='word_1_290' title='bbox 616 3219 744 3287; x_wconf 75' lang='lat' dir='ltr'>Dipoina:</span> <span class='ocrx_word' id='word_1_291' title='bbox 762 3219 846 3273; x_wconf 86' lang='lat' dir='ltr'>Ponti</span> <span class='ocrx_word' id='word_1_292' title='bbox 860 3221 890 3274; x_wconf 88' lang='lat' dir='ltr'>et</span> <span class='ocrx_word' id='word_1_293' title='bbox 908 3220 952 3285; x_wconf 89' lang='lat' dir='ltr'>(ao</span> <span class='ocrx_word' id='word_1_294' title='bbox 968 3220 1005 3287; x_wconf 86' lang='lat' dir='ltr'>P)</span> <span class='ocrx_word' id='word_1_295' title='bbox 1024 3219 1115 3274; x_wconf 76' lang='lat' dir='ltr'>Gemi·</span> 
     </span>
     <span class='ocr_line' id='line_1_36' title="bbox 100 3289 1114 3346; baseline 0.005 -4"><span class='ocrx_word' id='word_1_296' title='bbox 100 3289 156 3343; x_wconf 86' lang='lat' dir='ltr'>liae</span> <span class='ocrx_word' id='word_1_297' title='bbox 174 3290 233 3343; x_wconf 84' lang='grc' dir='ltr'>ΑΡ</span> <span class='ocrx_word' id='word_1_298' title='bbox 316 3296 350 3343; x_wconf 71' lang='grc'>24</span> <span class='ocrx_word' id='word_1_299' title='bbox 369 3289 459 3344; x_wconf 86' lang='lat' dir='ltr'>ueluti</span> <span class='ocrx_word' id='word_1_300' title='bbox 479 3291 518 3344; x_wconf 88' lang='lat' dir='ltr'>P:</span> <span class='ocrx_word' id='word_1_301' title='bbox 536 3291 617 3344; x_wconf 87' lang='lat' dir='ltr'>uelut</span> <span class='ocrx_word' id='word_1_302' title='bbox 633 3290 661 3342; x_wconf 80' lang='lat' dir='ltr'><strong><em>A</em></strong></span> <span class='ocrx_word' id='word_1_303' title='bbox 743 3295 777 3343; x_wconf 81' lang='lat'>26</span> <span class='ocrx_word' id='word_1_304' title='bbox 798 3289 966 3344; x_wconf 83' lang='lat' dir='ltr'>coercitione</span> <span class='ocrx_word' id='word_1_305' title='bbox 987 3291 1114 3346; x_wconf 78' lang='lat' dir='ltr'>Clodius:</span> 
     </span>
     <span class='ocr_line' id='line_1_37' title="bbox 101 3360 1115 3430; baseline 0.004 -16"><span class='ocrx_word' id='word_1_306' title='bbox 101 3360 299 3416; x_wconf 80' lang='lat' dir='ltr'>coercitionem</span> <span class='ocrx_word' id='word_1_307' title='bbox 318 3361 366 3427; x_wconf 82' lang='grc' dir='ltr'>Μ,</span> <span class='ocrx_word' id='word_1_308' title='bbox 391 3361 561 3415; x_wconf 81' lang='lat' dir='ltr'>coertionem</span> <span class='ocrx_word' id='word_1_309' title='bbox 580 3361 640 3415; x_wconf 88' lang='grc' dir='ltr'>ΑΡ</span> <span class='ocrx_word' id='word_1_310' title='bbox 723 3365 756 3414; x_wconf 77' lang='grc'>27</span> <span class='ocrx_word' id='word_1_311' title='bbox 781 3361 888 3414; x_wconf 81' lang='lat' dir='ltr'>exeruit</span> <span class='ocrx_word' id='word_1_312' title='bbox 910 3361 1026 3429; x_wconf 70' lang='lat' dir='ltr'>Iepeiee</span> <span class='ocrx_word' id='word_1_313' title='bbox 1048 3364 1115 3430; x_wconf 78' lang='lat' dir='ltr'>(eoa</span> 
     </span>
     <span class='ocr_line' id='line_1_38' title="bbox 99 3433 236 3501; baseline -0.007 -15"><span class='ocrx_word' id='word_1_314' title='bbox 99 3434 164 3486; x_wconf 85' lang='lat' dir='ltr'>item</span> <span class='ocrx_word' id='word_1_315' title='bbox 181 3433 236 3501; x_wconf 83' lang='lat' dir='ltr'>A)·</span> 
     </span>
    </p>
   </div>
   <div class='ocr_carea' id='block_1_5' title="bbox 0 0 1221 3848">
    <p class='ocr_par' dir='ltr' id='par_1_6' title="bbox 0 0 1221 3848">
     <span class='ocr_line' id='line_1_39' title="bbox 0 0 1221 3848; baseline 0 0"><span class='ocrx_word' id='word_1_316' title='bbox 0 0 1221 3848; x_wconf 95' lang='lat' dir='ltr'> </span> 
     </span>
    </p>
   </div>
  </div>
 </body>
</html>
