2422 3848
466 187 491 225 ο.
510 175 632 226 ea-ea.
1014 170 1058 237 93

50 338 236 401 bdrruutii
256 339 354 417 prisca
377 338 518 415 gravitate
533 335 719 396 celeberrimi
741 336 829 416 lidae,
852 356 934 417 mcx,
958 337 1059 398 edium

50 426 202 489 elementia
224 424 371 487 eluctatus
394 442 460 505 sua,
484 422 592 484 Caesar
615 426 741 485 servavit
763 425 952 486 incolumem.
998 437 1088 486 ncne

50 521 250 595 praetereatur
276 514 371 574 Asinii
398 512 540 572 Pollionis
568 513 678 573 factum
708 520 738 573 et
770 512 882 574 dictum
914 531 1058 573 memora·

50 602 117 665 bile:
139 620 270 681 namque
293 620 361 662 cum
384 620 417 661 se
430 608 499 680 post
511 600 731 661 Brundusinam
744 619 849 680 pacem
863 604 1059 662 continuisset

50 690 187 753 initalia
215 707 312 768 neque
340 697 391 750 aut
418 689 540 749 vidisset
572 707 712 768 umquam
744 692 878 768 reginam
910 698 961 750 aut
991 696 1060 769 post

50 787 219 841 cosmatum
246 796 346 838 amore
373 780 439 838 eius
465 777 586 837 Antonii
614 780 745 838 animum
770 777 906 856 partibus
934 781 998 839 eius
1027 795 1058 838 se
1147 814 1154 827 -

50 870 228 948 miscuisset,
262 873 385 944 regante
413 864 552 947 Caesare,
584 873 618 925 ut
649 884 751 926 secum
783 866 819 926 ad
851 866 963 927 bellum
992 885 1059 946 pre-

50 956 231 1019 iciseeretur
253 954 419 1015 Actiacum:
454 971 534 1034 mea,
566 955 676 1033 inquit,
703 956 734 1014 in
762 953 922 1015 Antonium
949 957 1061 1016 maiora

50 1046 152 1107 merita
183 1050 266 1124 sunt,
297 1042 377 1103 illius
406 1045 438 1102 in
468 1060 515 1102 me
543 1041 687 1102 beneficia
713 1044 842 1123 notiora,
873 1045 974 1121 itaque
1002 1043 1060 1103 dis-

50 1134 166 1195 crimini
189 1139 288 1192 vestro
311 1149 358 1190 me
382 1129 553 1191 subtraham
578 1137 608 1190 et
630 1149 682 1190 erc
705 1130 815 1210 praeda
837 1133 967 1191 victoris.
993 1142 1023 1195 ts

134 1217 189 1282 87.
234 1219 374 1279 Proximo
401 1219 507 1279 deinde
536 1237 612 1278 anne
634 1227 816 1298 persecutus
844 1221 976 1299 reginam
1004 1219 1092 1278 An-1

50 1311 222 1387 turriumque
244 1307 471 1388 Alexandream,
498 1306 632 1367 ultimam
654 1307 739 1368 bellis
763 1307 898 1369 civilibus
921 1309 1062 1388 imposuit

50 1415 176 1459 nuum.
222 1396 368 1455 Antonius
396 1413 427 1455 se
455 1398 519 1474 ipse
548 1413 609 1456 non
636 1399 768 1476 segniter
794 1399 959 1478 interemit,
989 1396 1062 1456 adeo

50 1493 80 1547 nt
101 1483 198 1546 multa
220 1484 350 1544 desidiae
374 1486 497 1543 crimina
520 1491 616 1545 morte
639 1485 809 1546 redimeret.
855 1493 885 1545 at
908 1484 1062 1565 Cleopatra

50 1574 201 1635 bustratis
223 1571 397 1633 custodibus
419 1571 509 1632 inlata
528 1573 629 1651 aspide
643 1591 745 1634 mersu
760 1576 837 1653 eius,
861 1592 931 1634 sane
955 1592 1062 1652 expers

50 1659 201 1723 muliebris
224 1668 336 1742 metue,
359 1662 497 1739 spiritum
520 1661 657 1721 reddidit.
698 1663 813 1740 fuitque
838 1669 868 1721 ct
890 1662 1009 1722 fortuna
1033 1669 1092 1721 et2

50 1750 205 1811 clementia
220 1747 355 1809 Caesaris
378 1748 513 1829 dignum,
538 1749 616 1827 quod
640 1767 726 1809 nemo
751 1768 787 1810 ex
810 1752 861 1830 iis,
884 1752 936 1828 qui
958 1756 1062 1809 eontra

50 1856 118 1901 eum
145 1855 226 1898 arma
253 1837 396 1918 tulerant,
424 1835 460 1896 ab
489 1855 524 1897 ec
552 1839 671 1898 iussuve
701 1840 765 1898 eius
788 1840 986 1917 interemptus
1010 1844 1062 1897 est.

50 1926 80 1988 B.
108 1924 237 1987 Brutum
267 1926 388 1985 Antonii
418 1927 571 1985 interemit
602 1925 770 1988 crudelitas
821 1925 946 1987 Sextum
976 1926 1061 1985 Pom-

50 2016 151 2095 peium
173 2013 209 2074 ab
232 2031 269 2073 eo
292 2014 440 2074 devictum
462 2013 542 2074 idem
556 2013 714 2096 Antonius,
738 2033 806 2076 cum
821 2015 972 2094 dignitatis
990 2033 1062 2093 quo·

50 2121 107 2183 pue
120 2102 283 2163 servandae
297 2101 427 2163 dedisset
441 2102 543 2183 iidem,
557 2104 647 2162 etiam
661 2105 767 2181 spiritu
781 2105 916 2182 privarit.
951 2103 1063 2163 Brutus
1078 2115 1093 2161 3

50 2199 77 2253 et
90 2189 213 2253 Cassius
236 2199 318 2272 ante,
342 2208 430 2269 quam
443 2193 591 2250 victorum
614 2193 823 2269 experirentur
846 2194 989 2271 animum,
1012 2209 1061 2250 vc-

50 2279 176 2341 luutaria
189 2286 284 2339 mcrte
299 2278 447 2339 obierunt.
484 2277 605 2339 Antonii
619 2277 850 2357 Cleopatraeque
866 2281 933 2358 quis
956 2280 1062 2339 fuisset

50 2369 145 2429 exitus
168 2369 361 2428 narravimus.
403 2364 542 2427 Canidius
565 2366 698 2427 timidius
721 2367 859 2448 decessit,
882 2385 971 2446 quam
993 2381 1061 2445 prc-

50 2456 171 2517 lessieni
199 2457 239 2535 ei,
267 2473 325 2534 qua
353 2473 471 2535 semper
499 2474 572 2515 usus
600 2463 676 2537 erat,
704 2455 894 2534 congruebat.
941 2454 1063 2515 ultimus

50 2551 148 2605 autem
171 2561 208 2603 ex
230 2543 473 2604 interlectoribus
488 2541 622 2604 Caesaris
640 2544 809 2605 Parmensis
824 2544 943 2605 Cassius
966 2551 1062 2603 morte

50 2650 160 2713 peenas
183 2631 278 2712 dedit,
299 2639 333 2691 ut
321 2631 479 2692 ttdedera
501 2630 668 2692 Trebonius
689 2651 741 2709 pr:
738 2637 815 2694 ιιιίιι.

122 2772 137 2821 1
156 2784 212 2821 ιιιι
228 2765 320 2836 prisca
341 2765 426 2821 Orelli
441 2768 445 2836 Ι
462 2765 597 2823 odium..
608 2766 768 2822 eluctatus
789 2767 920 2836 Madcip:
950 2766 1042 2820 diu.

50 2837 173 2893 luctatus
195 2837 254 2890 ΑΡ
366 2842 383 2890 4
408 2853 529 2905 namque
554 2838 631 2892 MA:
656 2854 723 2890 nam
746 2838 797 2906 Ρ(
818 2837 1016 2891 Brundisinam
1036 2807 1069 2888 Ρ

50 2910 118 2977 [nou
134 2907 174 2977 A)
246 2907 440 2962 tmiscuisset
459 2908 535 2962 MA:
557 2906 753 2962 immiscuisset
771 2908 800 2960 P
871 2906 1066 2962 ediserimine

50 2978 115 3047 ΑΡ,
133 2987 181 3040 em.
200 2976 348 3032 Acidaliae
439 2984 470 3032 11
490 2978 595 3034 deinde
612 2979 688 3032 MA:
707 2994 757 3032 um.
778 2978 807 3032 P
895 2983 928 3031 12
948 2978 1067 3031 Alexen-

50 3050 147 3103 dream
166 3049 243 3102 MA:
262 3048 462 3102 Alexandriam
482 3049 510 3102 P
567 3055 602 3103 14
620 3047 770 3103 redemerit
787 3049 882 3102 enaiim
940 3053 973 3101 15
992 3047 1067 3116 aspi-

50 3120 115 3175 dem
133 3118 170 3187 A,
189 3118 357 3201 aspide(
303 3125 372 3172 ιιι1
347 3118 516 3189 Μ(1)(θιιιι
535 3136 602 3174 sane
620 3119 779 3173 Acidaliae:
800 3135 866 3172 sane
886 3117 946 3172 eius
965 3117 1066 3184 MAP,

50 3192 81 3246 eb
98 3190 176 3245 sanie
194 3189 255 3245 eius
272 3190 402 3244 Burman
493 3196 526 3245 16
545 3189 668 3245 mulieris
687 3188 715 3241 A
806 3196 839 3243 17
858 3188 903 3242 his
921 3188 980 3241 AP

51 3260 113 3317 18
104 3277 230 3315 iussusue
249 3261 277 3313 A
293 3262 298 3329 l
315 3262 356 3315 est
374 3261 439 3315 add.
460 3259 546 3315 Orelli
641 3265 675 3312 20
694 3259 731 3312 ab
750 3275 783 3314 eo
802 3260 945 3314 deuictum
963 3257 1067 3313 Acida-

50 3332 118 3387 lissa.
138 3332 175 3388 ab
193 3332 240 3401 (ob
259 3331 298 3401 P)
317 3331 416 3385 eodem
433 3329 541 3385 uictum
560 3330 655 3386 MAP
747 3337 780 3385 21
801 3330 952 3413 serpandee
970 3346 1021 3386 οιιι.
1039 3328 1067 3382 A

104 3408 139 3457 28
160 3400 325 3472 Cleopatrae
344 3418 416 3469 quae
435 3402 463 3454 A
580 3407 614 3456 25
634 3399 660 3453 ei
679 3398 808 3457 Uindius:
828 3402 886 3457 eius
905 3402 963 3455 ΛΡ

50 3478 87 3529 21
104 3472 212 3542 primus
231 3474 295 3528 edd.
314 3473 406 3527 Aldus
424 3477 487 3527 αιιιι
504 3469 659 3527 Trebonius
