2422 3848
119 159 183 222 124
421 116 426 125 ’
608 159 635 213 11

116 333 228 406 potest,
260 327 331 403 quin
360 343 395 384 ex
423 325 561 384 Armenia
588 332 709 402 recepta
737 332 766 384 et
796 341 831 384 ex
861 342 931 402 rege
961 327 1132 404 praeposito

117 417 158 492 ei,
182 416 267 474 cuius
291 415 379 492 capiti
401 415 517 492 insigne
538 415 654 492 regium
677 430 730 472 sua
753 430 842 472 manu
865 414 1061 494 imposuerat,
1085 432 1131 473 or·

117 503 284 580 dinatisque
312 500 402 562 rebus
431 500 562 561 Orientis
590 519 680 561 ovans
708 500 891 580 triumphare
920 500 1070 583 debuerit,
1103 509 1133 562 et

116 589 336 651 Vindelicorum
363 589 583 668 Raetorumque
612 591 706 650 victor
739 606 831 649 curru
859 588 966 649 urbem
994 586 1134 668 ingredi?

77 665 92 712 ²
117 680 218 739 tractis
248 677 355 738 deinde
386 686 454 756 post
486 678 675 756 adoptionem
708 679 849 737 continua
875 679 998 738 triennii
1028 677 1160 738 militia⁵

117 766 291 827 Germaniae
314 765 426 825 viribus
449 765 528 825 idem
555 765 598 824 illi
619 764 716 825 bonor
745 773 774 826 et
798 766 976 826 deferendus
1003 774 1034 826 et
1056 769 1132 827 reci·

116 855 243 934 piandus
266 849 378 913 luerit?
423 861 453 913 et
478 861 546 932 post
574 853 688 913 cladem
711 853 766 914 sub
790 853 865 913 Varo
889 861 1054 935 acceptam,
1080 874 1132 915 ex-

113 949 237 1019 pectato
269 934 353 1003 ricius
382 945 589 1021 prosperrimo
621 936 724 1002 rarum
759 943 868 1002 eventii
899 943 1002 1002 eadem
1035 946 1132 1003 excisa

117 1030 272 1090 Germania
299 1029 469 1110 triumphus
482 1028 601 1091 'summi
624 1029 709 1090 ducis
732 1030 870 1090 adornari
894 1029 1053 1091 debuerit?
1080 1031 1133 1091 sed

117 1122 148 1179 in
171 1119 228 1179 hoc
246 1121 310 1178 viro
334 1121 462 1198 nescias,
490 1127 592 1179 utrum
615 1120 708 1197 magis
732 1121 862 1199 mireris,
890 1119 970 1196 quod
997 1118 1134 1180 laborum
1147 1132 1175 1173 1⁰

117 1207 379 1286 periculorumque
399 1224 516 1284 semper
532 1207 659 1267 excessit
673 1207 807 1288 modum,
831 1224 868 1266 an
887 1207 966 1285 quod
985 1207 1134 1268 honorum

119 1298 303 1373 temperavit.

79 1399 93 1445 1
209 1379 280 1443 123.
313 1382 438 1442 Venitur
461 1383 497 1442 ad
520 1390 652 1462 tempus,
674 1384 706 1442 in
729 1401 789 1460 quo
813 1384 869 1443 luit
886 1383 1048 1462 plurimum
1072 1403 1132 1445 me·

117 1478 175 1530 tus,
222 1473 331 1549 quippe
355 1469 461 1530 Caesar
485 1471 636 1548 Augustus
664 1488 733 1530 curn
756 1468 966 1532 Germanicum
993 1482 1134 1552 nepotem

117 1577 206 1618 strum
237 1558 351 1637 rebqua
382 1558 452 1619 belli
488 1566 674 1638 patraturum
711 1561 842 1619 misisset
872 1562 904 1619 in
936 1554 1133 1641 Germaniam,
1148 1573 1175 1614 1⁵

117 1646 271 1708 Tiberium
294 1655 392 1707 autem
416 1647 510 1707 lilium
533 1649 679 1708 missurus
699 1654 779 1707 esset
800 1649 832 1707 in
850 1647 1001 1727 illyricum
1024 1651 1060 1710 ad
1084 1651 1133 1709 lir-

117 1734 223 1795 manda
240 1753 312 1814 pace
337 1754 412 1814 quae
436 1735 513 1796 bello
537 1734 708 1817 subegerat,
731 1753 917 1814 prosequens
941 1755 1010 1797 eum
1031 1737 1133 1798 simul·

25 1827 30 1835 ⁴
118 1841 175 1902 que
198 1824 399 1884 interfuturus
423 1823 599 1884 athletarum
622 1825 792 1884 certaminis
815 1823 944 1905 ludicro,
969 1825 1048 1903 quod
1068 1825 1139 1886 eius'

74 1935 75 1938 ¹
117 1912 224 1971 honori
258 1919 406 1972 sacratum
438 1930 454 1971 a
483 1911 683 1990 Neapolitanis
716 1920 774 1992 est,
806 1915 954 1990 processit
984 1915 1015 1973 in
1049 1913 1133 1974 Carn-

117 2002 243 2078 paniam.
278 2017 456 2078 quamquam
478 2002 545 2059 iam'
559 2007 658 2060 motus
681 1998 891 2060 imbecillitatis
914 2001 1133 2082 inclinataequa
1147 2017 1176 2057 m

118 2090 148 2147 in
172 2085 304 2148 deterius
327 2089 473 2166 principia
492 2088 667 2148 valetudinis
687 2096 834 2167 senserat,
857 2096 956 2149 tamen
979 2088 1134 2151 obnitente

117 2177 145 2235 vi
168 2177 259 2235 animi
281 2184 460 2254 prosecutus
482 2175 576 2235 filium
603 2175 815 2254 digressusque
843 2175 879 2236 ab
907 2194 943 2235 eo
971 2176 1134 2239 Beneventi

117 2265 182 2342 ipse
211 2262 315 2322 Nolam
344 2265 443 2342 petiit:
479 2271 509 2323 et
540 2265 765 2340 ingravescente
796 2265 827 2322 in
860 2263 923 2323 dies
955 2264 1134 2346 valetudine,

118 2370 187 2411 cum
215 2353 318 2432 sciret,
351 2353 418 2429 quis
445 2351 555 2410 volenti
582 2352 680 2410 omnia
706 2358 775 2427 post
807 2369 843 2428 sq
867 2351 945 2410 salva
977 2370 1133 2413 remanere

118 2439 317 2499 accersendus
339 2440 430 2521 foret,
453 2439 628 2498 festinanter
650 2439 798 2497 revocavit
820 2437 925 2518 silium3
949 2440 998 2500 ille
1021 2440 1058 2500 ad
1080 2458 1131 2520 pa·
1147 2454 1175 2495 as

78 2543 94 2589 a
118 2535 195 2586 trem
218 2528 330 2604 patriae
358 2534 511 2605 expectato
538 2525 679 2585 revolavit
702 2527 855 2586 maturius.
901 2533 966 2587 tum
991 2546 1132 2589 securum

119 2631 150 2673 se
174 2613 325 2692 Augustus
347 2615 521 2693 praedicans
541 2615 799 2691 circumfususque
818 2613 1001 2692 amplexibus
1019 2615 1133 2677 'liberii

119 2703 179 2783 sui,
211 2702 420 2762 commendans
447 2701 489 2762 illi
517 2721 569 2762 sua
597 2709 684 2780 atque
716 2703 810 2780 ipsius
840 2720 930 2782 opera
960 2722 1016 2764 nec
1048 2705 1132 2784 quid-

191 2932 205 2978 1
229 2924 391 2994 praeposito
415 2923 442 2977 ei
463 2924 610 2978 Heinsius:
638 2924 792 2994 praepositi
814 2928 888 2994 (pro-
912 2926 950 2995 P)
974 2926 1080 2993 MAP,
1106 2927 1133 2980 ei

117 2997 279 3066 praeposito
297 2995 385 3050 libert.
411 3008 413 3015 ’
471 3001 488 3048 4
505 2995 721 3065 praetorumque
740 2996 767 3048 A
786 3001 850 3050 ante
867 3013 937 3052 corr.
1031 3003 1047 3051 ‘1
1066 2995 1133 3052 *ex-

118 3069 231 3135 pectato
250 3066 340 3121 ocius:
358 3065 446 3120 bobius
466 3067 543 3133 MA,
564 3066 641 3120 ocius
662 3066 696 3132 P,
714 3068 782 3120 vobo
801 3067 878 3122 ocius
896 3068 1026 3122 Burman

119 3143 135 3190 9
153 3137 326 3220 triumphum
344 3137 409 3206 AP,
428 3154 475 3193 em.
494 3137 628 3191 Heinsius
643 3138 648 3203 1
663 3137 795 3192 adornari
814 3139 889 3193 MA:
909 3138 1045 3193 edomare
1065 3138 1095 3192 P

119 3213 152 3262 10
171 3225 261 3262 nescls
280 3209 308 3262 A
362 3214 396 3263 16
414 3208 552 3262 firmanda
564 3208 669 3262 Barea:
687 3207 835 3263 formanda
848 3210 906 3263 ΑΡ
960 3215 992 3263 17
1012 3225 1133 3278 eumque

118 3279 201 3332 simul
219 3280 247 3332 A
321 3277 363 3334 ‘18
381 3279 528 3333 certamini
547 3277 682 3333 Oellcrius
766 3285 799 3333 23
820 3281 849 3334 et
866 3280 935 3334 AP:
954 3281 985 3334 ab
1003 3280 1134 3334 Herelius

116 3419 145 3472 R
165 3356 223 3474 ὴέἷ
241 3352 306 3419 posi
325 3366 354 3404 se
375 3351 412 3404 P:
432 3365 514 3419 posse
532 3352 560 3402 A
620 3355 655 3404 26
674 3349 872 3405 accersendum
890 3351 932 3419 A,
950 3351 1132 3406 arcessendus

146 3436 165 3472 u
220 3434 273 3475 en·
