<?xml version="1.0" encoding="UTF-8"?>
<!DOCTYPE html PUBLIC "-//W3C//DTD XHTML 1.0 Transitional//EN"
    "http://www.w3.org/TR/xhtml1/DTD/xhtml1-transitional.dtd">
<html xmlns="http://www.w3.org/1999/xhtml" xml:lang="en" lang="en">
 <head>
  <title>
</title>
<meta http-equiv="Content-Type" content="text/html;charset=utf-8" />
  <meta name='ocr-system' content='tesseract 3.04.00' />
  <meta name='ocr-capabilities' content='ocr_page ocr_carea ocr_par ocr_line ocrx_word'/>
</head>
<body>
  <div class='ocr_page' id='page_1' title='image "./exhistoriaeroma00pategoog_0121.png"; bbox 0 0 2422 3848; ppageno 0'>
   <div class='ocr_carea' id='block_1_1' title="bbox 148 157 664 220">
    <p class='ocr_par' dir='ltr' id='par_1_1' title="bbox 148 157 664 220">
     <span class='ocr_line' id='line_1_1' title="bbox 148 157 664 220; baseline 0 0"><span class='ocrx_word' id='word_1_1' title='bbox 148 159 211 220; x_wconf 82' lang='lat'><strong>110</strong></span> <span class='ocrx_word' id='word_1_2' title='bbox 638 157 664 211; x_wconf 85' lang='lat' dir='ltr'><strong>ll</strong></span> 
     </span>
    </p>
   </div>
   <div class='ocr_carea' id='block_1_2' title="bbox 66 316 1201 2674">
    <p class='ocr_par' dir='ltr' id='par_1_2' title="bbox 66 316 1201 2674">
     <span class='ocr_line' id='line_1_2' title="bbox 117 316 1165 400; baseline -0.007 -15"><span class='ocrx_word' id='word_1_3' title='bbox 117 337 130 384; x_wconf 89' lang='lat'>1</span> <span class='ocrx_word' id='word_1_4' title='bbox 237 316 312 384; x_wconf 77' lang='lat'><strong>1093</strong></span> <span class='ocrx_word' id='word_1_5' title='bbox 360 321 475 400; x_wconf 84' lang='lat' dir='ltr'><strong>Corpus</strong></span> <span class='ocrx_word' id='word_1_6' title='bbox 507 340 595 382; x_wconf 90' lang='lat' dir='ltr'><strong>suum</strong></span> <span class='ocrx_word' id='word_1_7' title='bbox 628 321 860 382; x_wconf 86' lang='lat' dir='ltr'><strong>custodientium</strong></span> <span class='ocrx_word' id='word_1_8' title='bbox 891 320 1064 399; x_wconf 89' lang='lat' dir='ltr'><strong>imperium,</strong></span> <span class='ocrx_word' id='word_1_9' title='bbox 1096 336 1165 397; x_wconf 91' lang='lat' dir='ltr'><strong>per-</strong></span> 
     </span>
     <span class='ocr_line' id='line_1_3' title="bbox 66 407 1165 491; baseline -0.005 -19"><span class='ocrx_word' id='word_1_10' title='bbox 66 479 67 483; x_wconf 39' lang='lat'><strong>,</strong></span> <span class='ocrx_word' id='word_1_11' title='bbox 145 413 244 491; x_wconf 89' lang='lat' dir='ltr'><strong>petuis</strong></span> <span class='ocrx_word' id='word_1_12' title='bbox 277 412 427 470; x_wconf 82' lang='lat' dir='ltr'><strong>exercitiis</strong></span> <span class='ocrx_word' id='word_1_13' title='bbox 458 429 553 488; x_wconf 90' lang='lat' dir='ltr'><strong>paene</strong></span> <span class='ocrx_word' id='word_1_14' title='bbox 585 410 621 470; x_wconf 92' lang='lat' dir='ltr'><strong>ad</strong></span> <span class='ocrx_word' id='word_1_15' title='bbox 651 408 799 469; x_wconf 84' lang='lat' dir='ltr'><strong>Romanae</strong></span> <span class='ocrx_word' id='word_1_16' title='bbox 832 407 1004 486; x_wconf 90' lang='lat' dir='ltr'><strong>disciplinae</strong></span> <span class='ocrx_word' id='word_1_17' title='bbox 1037 407 1165 467; x_wconf 78' lang='lat' dir='ltr'><strong>sormam</strong></span> 
     </span>
     <span class='ocr_line' id='line_1_4' title="bbox 145 495 1164 580; baseline -0.005 -20"><span class='ocrx_word' id='word_1_18' title='bbox 145 500 311 580; x_wconf 89' lang='lat' dir='ltr'><strong>redactum,</strong></span> <span class='ocrx_word' id='word_1_19' title='bbox 343 498 426 579; x_wconf 86' lang='lat' dir='ltr'><strong>brevi</strong></span> <span class='ocrx_word' id='word_1_20' title='bbox 457 501 489 559; x_wconf 92' lang='lat' dir='ltr'><strong>in</strong></span> <span class='ocrx_word' id='word_1_21' title='bbox 521 500 656 558; x_wconf 89' lang='lat' dir='ltr'><strong>eminens</strong></span> <span class='ocrx_word' id='word_1_22' title='bbox 686 505 716 557; x_wconf 92' lang='lat' dir='ltr'><strong>et</strong></span> <span class='ocrx_word' id='word_1_23' title='bbox 749 503 852 557; x_wconf 90' lang='lat' dir='ltr'><strong>nostro</strong></span> <span class='ocrx_word' id='word_1_24' title='bbox 886 513 1005 574; x_wconf 91' lang='lat' dir='ltr'><strong>quoque</strong></span> <span class='ocrx_word' id='word_1_25' title='bbox 1036 495 1164 574; x_wconf 87' lang='lat' dir='ltr'><strong>imperio</strong></span> 
     </span>
     <span class='ocr_line' id='line_1_5' title="bbox 145 583 1164 665; baseline -0.005 -16"><span class='ocrx_word' id='word_1_26' title='bbox 145 588 309 649; x_wconf 88' lang='lat' dir='ltr'><strong>timendum</strong></span> <span class='ocrx_word' id='word_1_27' title='bbox 336 587 477 665; x_wconf 83' lang='lat' dir='ltr'><strong>perduxit</strong></span> <span class='ocrx_word' id='word_1_28' title='bbox 506 587 656 665; x_wconf 81' lang='lat' dir='ltr'><strong>fastigium</strong></span> <span class='ocrx_word' id='word_1_29' title='bbox 683 583 864 664; x_wconf 79' lang='lat' dir='ltr'><strong>gerebatque</strong></span> <span class='ocrx_word' id='word_1_30' title='bbox 888 602 924 644; x_wconf 89' lang='lat' dir='ltr'><strong>se</strong></span> <span class='ocrx_word' id='word_1_31' title='bbox 951 585 993 644; x_wconf 87' lang='lat' dir='ltr'><strong>ita</strong></span> <span class='ocrx_word' id='word_1_32' title='bbox 1019 583 1164 644; x_wconf 81' lang='lat' dir='ltr'><strong>adversus</strong></span> 
     </span>
     <span class='ocr_line' id='line_1_6' title="bbox 146 671 1185 756; baseline -0.007 -20"><span class='ocrx_word' id='word_1_33' title='bbox 146 675 308 756; x_wconf 89' lang='lat' dir='ltr'><strong>Romanos,</strong></span> <span class='ocrx_word' id='word_1_34' title='bbox 330 683 364 735; x_wconf 90' lang='lat' dir='ltr'><strong>ut</strong></span> <span class='ocrx_word' id='word_1_35' title='bbox 386 692 483 752; x_wconf 87' lang='lat' dir='ltr'><strong>neque</strong></span> <span class='ocrx_word' id='word_1_36' title='bbox 506 673 585 735; x_wconf 88' lang='lat' dir='ltr'><strong>bello</strong></span> <span class='ocrx_word' id='word_1_37' title='bbox 608 692 663 734; x_wconf 88' lang='lat' dir='ltr'><strong>nos</strong></span> <span class='ocrx_word' id='word_1_38' title='bbox 686 678 862 748; x_wconf 82' lang='lat' dir='ltr'><strong>lacesseret,</strong></span> <span class='ocrx_word' id='word_1_39' title='bbox 890 679 921 734; x_wconf 87' lang='lat' dir='ltr'><strong>et</strong></span> <span class='ocrx_word' id='word_1_40' title='bbox 946 675 976 732; x_wconf 85' lang='lat' dir='ltr'><strong>si</strong></span> <span class='ocrx_word' id='word_1_41' title='bbox 1000 671 1185 733; x_wconf 77' lang='lat' dir='ltr'><strong>lacessere-e</strong></span> 
     </span>
     <span class='ocr_line' id='line_1_7' title="bbox 117 759 1163 844; baseline -0.005 -19"><span class='ocrx_word' id='word_1_42' title='bbox 117 774 211 844; x_wconf 79' lang='lat' dir='ltr'><strong>atur,</strong></span> <span class='ocrx_word' id='word_1_43' title='bbox 230 780 388 842; x_wconf 88' lang='lat' dir='ltr'><strong>superesse</strong></span> <span class='ocrx_word' id='word_1_44' title='bbox 407 762 464 822; x_wconf 90' lang='lat' dir='ltr'><strong>sibi</strong></span> <span class='ocrx_word' id='word_1_45' title='bbox 482 765 542 822; x_wconf 88' lang='lat' dir='ltr'><strong>vim</strong></span> <span class='ocrx_word' id='word_1_46' title='bbox 560 781 594 823; x_wconf 86' lang='lat' dir='ltr'><strong>ao</strong></span> <span class='ocrx_word' id='word_1_47' title='bbox 607 763 789 823; x_wconf 86' lang='lat' dir='ltr'><strong>voluntatem</strong></span> <span class='ocrx_word' id='word_1_48' title='bbox 802 759 963 821; x_wconf 88' lang='lat' dir='ltr'><strong>resistendi</strong></span> <span class='ocrx_word' id='word_1_49' title='bbox 982 762 1163 823; x_wconf 70' lang='lat' dir='ltr'><strong>ostenderet.</strong></span> 
     </span>
     <span class='ocr_line' id='line_1_8' title="bbox 147 848 1161 933; baseline -0.002 -22"><span class='ocrx_word' id='word_1_50' title='bbox 147 852 249 932; x_wconf 89' lang='lat' dir='ltr'><strong>legati,</strong></span> <span class='ocrx_word' id='word_1_51' title='bbox 273 869 347 930; x_wconf 93' lang='lat' dir='ltr'><strong>quos</strong></span> <span class='ocrx_word' id='word_1_52' title='bbox 371 849 507 912; x_wconf 89' lang='lat' dir='ltr'><strong>mittebat</strong></span> <span class='ocrx_word' id='word_1_53' title='bbox 530 852 566 911; x_wconf 89' lang='lat' dir='ltr'><strong>ad</strong></span> <span class='ocrx_word' id='word_1_54' title='bbox 590 850 745 933; x_wconf 83' lang='lat' dir='ltr'><strong>Caesares,</strong></span> <span class='ocrx_word' id='word_1_55' title='bbox 767 849 917 911; x_wconf 91' lang='lat' dir='ltr'><strong>interdum</strong></span> <span class='ocrx_word' id='word_1_56' title='bbox 941 857 976 910; x_wconf 91' lang='lat' dir='ltr'><strong>ut</strong></span> <span class='ocrx_word' id='word_1_57' title='bbox 998 848 1161 928; x_wconf 76' lang='lat' dir='ltr'><strong>supplicem</strong></span> 
     </span>
     <span class='ocr_line' id='line_1_9' title="bbox 148 936 1162 1020; baseline -0.004 -20"><span class='ocrx_word' id='word_1_58' title='bbox 148 938 406 1020; x_wconf 76' lang='lat' dir='ltr'><strong>commendabant,</strong></span> <span class='ocrx_word' id='word_1_59' title='bbox 429 939 581 1000; x_wconf 91' lang='lat' dir='ltr'><strong>interdum</strong></span> <span class='ocrx_word' id='word_1_60' title='bbox 603 948 638 1000; x_wconf 86' lang='lat' dir='ltr'><strong>ut</strong></span> <span class='ocrx_word' id='word_1_61' title='bbox 659 957 714 1019; x_wconf 94' lang='lat' dir='ltr'><strong>pro</strong></span> <span class='ocrx_word' id='word_1_62' title='bbox 737 941 802 1018; x_wconf 90' lang='lat' dir='ltr'><strong>pari</strong></span> <span class='ocrx_word' id='word_1_63' title='bbox 824 936 1032 1016; x_wconf 75' lang='lat' dir='ltr'><strong>loquebantur.</strong></span> <span class='ocrx_word' id='word_1_64' title='bbox 1069 938 1162 1016; x_wconf 86' lang='lat' dir='ltr'><strong>genti·</strong></span> 
     </span>
     <span class='ocr_line' id='line_1_10' title="bbox 147 1025 1163 1106; baseline -0.001 -18"><span class='ocrx_word' id='word_1_65' title='bbox 147 1028 204 1088; x_wconf 92' lang='lat' dir='ltr'><strong>bus</strong></span> <span class='ocrx_word' id='word_1_66' title='bbox 227 1027 456 1106; x_wconf 88' lang='lat' dir='ltr'><strong>hominibusque</strong></span> <span class='ocrx_word' id='word_1_67' title='bbox 485 1046 501 1087; x_wconf 92' lang='lat' dir='ltr'><strong>a</strong></span> <span class='ocrx_word' id='word_1_68' title='bbox 528 1028 614 1088; x_wconf 92' lang='lat' dir='ltr'><strong>nobis</strong></span> <span class='ocrx_word' id='word_1_69' title='bbox 637 1026 876 1088; x_wconf 85' lang='lat' dir='ltr'><strong>desciscentibus</strong></span> <span class='ocrx_word' id='word_1_70' title='bbox 901 1034 966 1087; x_wconf 91' lang='lat' dir='ltr'><strong>erat</strong></span> <span class='ocrx_word' id='word_1_71' title='bbox 993 1025 1072 1106; x_wconf 91' lang='lat' dir='ltr'><strong>apud</strong></span> <span class='ocrx_word' id='word_1_72' title='bbox 1094 1042 1163 1087; x_wconf 84' lang='lat' dir='ltr'><strong>euru</strong></span> 
     </span>
     <span class='ocr_line' id='line_1_11' title="bbox 146 1114 1195 1196; baseline -0.002 -20"><span class='ocrx_word' id='word_1_73' title='bbox 146 1117 330 1196; x_wconf 81' lang='lat' dir='ltr'><strong>perfugium,</strong></span> <span class='ocrx_word' id='word_1_74' title='bbox 354 1120 385 1176; x_wconf 80' lang='lat' dir='ltr'><strong>in</strong></span> <span class='ocrx_word' id='word_1_75' title='bbox 407 1124 562 1194; x_wconf 89' lang='lat' dir='ltr'><strong>totumque</strong></span> <span class='ocrx_word' id='word_1_76' title='bbox 580 1135 617 1176; x_wconf 84' lang='lat' dir='ltr'><strong>ex</strong></span> <span class='ocrx_word' id='word_1_77' title='bbox 634 1115 711 1176; x_wconf 87' lang='lat' dir='ltr'><strong>male</strong></span> <span class='ocrx_word' id='word_1_78' title='bbox 731 1114 914 1176; x_wconf 85' lang='lat' dir='ltr'><strong>dissimulato</strong></span> <span class='ocrx_word' id='word_1_79' title='bbox 937 1114 1043 1192; x_wconf 86' lang='lat' dir='ltr'><strong>agebat</strong></span> <span class='ocrx_word' id='word_1_80' title='bbox 1063 1124 1195 1175; x_wconf 80' lang='lat' dir='ltr'><strong>nemu-1⁰</strong></span> 
     </span>
     <span class='ocr_line' id='line_1_12' title="bbox 147 1201 1163 1284; baseline -0.003 -19"><span class='ocrx_word' id='word_1_81' title='bbox 147 1205 222 1284; x_wconf 82' lang='lat' dir='ltr'><strong>ium3</strong></span> <span class='ocrx_word' id='word_1_82' title='bbox 261 1206 500 1284; x_wconf 85' lang='lat' dir='ltr'><strong>exercitumque,</strong></span> <span class='ocrx_word' id='word_1_83' title='bbox 536 1221 624 1282; x_wconf 89' lang='lat' dir='ltr'><strong>quern</strong></span> <span class='ocrx_word' id='word_1_84' title='bbox 657 1205 843 1282; x_wconf 81' lang='lat' dir='ltr'><strong>septuaginta</strong></span> <span class='ocrx_word' id='word_1_85' title='bbox 874 1202 989 1263; x_wconf 88' lang='lat' dir='ltr'><strong>milium</strong></span> <span class='ocrx_word' id='word_1_86' title='bbox 1020 1201 1163 1282; x_wconf 81' lang='lat' dir='ltr'><strong>pediturn,</strong></span> 
     </span>
     <span class='ocr_line' id='line_1_13' title="bbox 148 1289 1163 1372; baseline -0.003 -20"><span class='ocrx_word' id='word_1_87' title='bbox 148 1300 288 1370; x_wconf 91' lang='lat' dir='ltr'><strong>quattuor</strong></span> <span class='ocrx_word' id='word_1_88' title='bbox 307 1294 442 1370; x_wconf 90' lang='lat' dir='ltr'><strong>equitum</strong></span> <span class='ocrx_word' id='word_1_89' title='bbox 460 1293 585 1372; x_wconf 86' lang='lat' dir='ltr'><strong>iecerat,</strong></span> <span class='ocrx_word' id='word_1_90' title='bbox 608 1291 739 1352; x_wconf 88' lang='lat' dir='ltr'><strong>adsiduis</strong></span> <span class='ocrx_word' id='word_1_91' title='bbox 757 1291 899 1352; x_wconf 87' lang='lat' dir='ltr'><strong>adversus</strong></span> <span class='ocrx_word' id='word_1_92' title='bbox 917 1291 1061 1351; x_wconf 84' lang='lat' dir='ltr'><strong>finitimos</strong></span> <span class='ocrx_word' id='word_1_93' title='bbox 1071 1289 1163 1351; x_wconf 82' lang='lat' dir='ltr'><strong>&#39;bellis</strong></span> 
     </span>
     <span class='ocr_line' id='line_1_14' title="bbox 148 1377 1163 1460; baseline -0.001 -21"><span class='ocrx_word' id='word_1_94' title='bbox 148 1380 314 1439; x_wconf 88' lang='lat' dir='ltr'><strong>exercendo</strong></span> <span class='ocrx_word' id='word_1_95' title='bbox 337 1381 442 1440; x_wconf 91' lang='lat' dir='ltr'><strong>maiori</strong></span> <span class='ocrx_word' id='word_1_96' title='bbox 464 1397 566 1460; x_wconf 89' lang='lat' dir='ltr'><strong>quam,</strong></span> <span class='ocrx_word' id='word_1_97' title='bbox 590 1379 669 1458; x_wconf 89' lang='lat' dir='ltr'><strong>quod</strong></span> <span class='ocrx_word' id='word_1_98' title='bbox 687 1378 828 1460; x_wconf 87' lang='lat' dir='ltr'><strong>habebat,</strong></span> <span class='ocrx_word' id='word_1_99' title='bbox 850 1381 934 1459; x_wconf 87' lang='lat' dir='ltr'><strong>operi</strong></span> <span class='ocrx_word' id='word_1_100' title='bbox 957 1377 1163 1458; x_wconf 86' lang='lat' dir='ltr'><strong>praeparabat:</strong></span> 
     </span>
     <span class='ocr_line' id='line_1_15' title="bbox 117 1466 1162 1548; baseline 0.004 -25"><span class='ocrx_word' id='word_1_101' title='bbox 117 1475 270 1546; x_wconf 72' lang='lat' dir='ltr'><strong>seratque</strong></span> <span class='ocrx_word' id='word_1_102' title='bbox 294 1469 383 1527; x_wconf 87' lang='lat' dir='ltr'><strong>etiam</strong></span> <span class='ocrx_word' id='word_1_103' title='bbox 404 1484 440 1527; x_wconf 92' lang='lat' dir='ltr'><strong>eo</strong></span> <span class='ocrx_word' id='word_1_104' title='bbox 458 1467 622 1548; x_wconf 88' lang='lat' dir='ltr'><strong>timendus,</strong></span> <span class='ocrx_word' id='word_1_105' title='bbox 644 1468 724 1548; x_wconf 90' lang='lat' dir='ltr'><strong>quod</strong></span> <span class='ocrx_word' id='word_1_106' title='bbox 748 1486 817 1528; x_wconf 89' lang='lat' dir='ltr'><strong>cum</strong></span> <span class='ocrx_word' id='word_1_107' title='bbox 835 1468 1023 1529; x_wconf 87' lang='lat' dir='ltr'><strong>Germaniam</strong></span> <span class='ocrx_word' id='word_1_108' title='bbox 1045 1466 1081 1527; x_wconf 86' lang='lat' dir='ltr'><strong>ad</strong></span> <span class='ocrx_word' id='word_1_109' title='bbox 1105 1466 1162 1527; x_wconf 86' lang='lat' dir='ltr'><strong>lae·</strong></span> 
     </span>
     <span class='ocr_line' id='line_1_16' title="bbox 147 1554 1199 1637; baseline 0.001 -23"><span class='ocrx_word' id='word_1_110' title='bbox 147 1573 213 1615; x_wconf 88' lang='lat' dir='ltr'><strong>vam</strong></span> <span class='ocrx_word' id='word_1_111' title='bbox 237 1563 267 1616; x_wconf 90' lang='lat' dir='ltr'><strong>et</strong></span> <span class='ocrx_word' id='word_1_112' title='bbox 289 1557 320 1614; x_wconf 93' lang='lat' dir='ltr'><strong>in</strong></span> <span class='ocrx_word' id='word_1_113' title='bbox 339 1555 451 1636; x_wconf 87' lang='lat' dir='ltr'><strong>ironte,</strong></span> <span class='ocrx_word' id='word_1_114' title='bbox 473 1555 657 1616; x_wconf 88' lang='lat' dir='ltr'><strong>Pannoniam</strong></span> <span class='ocrx_word' id='word_1_115' title='bbox 679 1555 715 1615; x_wconf 88' lang='lat' dir='ltr'><strong>ad</strong></span> <span class='ocrx_word' id='word_1_116' title='bbox 734 1556 881 1637; x_wconf 81' lang='lat' dir='ltr'><strong>dextram,</strong></span> <span class='ocrx_word' id='word_1_117' title='bbox 904 1574 920 1615; x_wconf 96' lang='lat' dir='ltr'><strong>a</strong></span> <span class='ocrx_word' id='word_1_118' title='bbox 943 1562 1027 1634; x_wconf 88' lang='lat' dir='ltr'><strong>tergo</strong></span> <span class='ocrx_word' id='word_1_119' title='bbox 1046 1554 1199 1617; x_wconf 76' lang='lat' dir='ltr'><strong>sentuno</strong></span> 
     </span>
     <span class='ocr_line' id='line_1_17' title="bbox 149 1641 1163 1725; baseline 0 -22"><span class='ocrx_word' id='word_1_120' title='bbox 149 1661 270 1704; x_wconf 88' lang='lat' dir='ltr'><strong>suarum</strong></span> <span class='ocrx_word' id='word_1_121' title='bbox 293 1641 418 1704; x_wconf 87' lang='lat' dir='ltr'><strong>haberet</strong></span> <span class='ocrx_word' id='word_1_122' title='bbox 439 1644 577 1725; x_wconf 84' lang='lat' dir='ltr'><strong>Noricos,</strong></span> <span class='ocrx_word' id='word_1_123' title='bbox 598 1653 750 1722; x_wconf 88' lang='lat' dir='ltr'><strong>tamquam</strong></span> <span class='ocrx_word' id='word_1_124' title='bbox 772 1646 803 1704; x_wconf 92' lang='lat' dir='ltr'><strong>in</strong></span> <span class='ocrx_word' id='word_1_125' title='bbox 826 1661 930 1705; x_wconf 88' lang='lat' dir='ltr'><strong>onmes</strong></span> <span class='ocrx_word' id='word_1_126' title='bbox 953 1660 1072 1722; x_wconf 89' lang='lat' dir='ltr'><strong>semper</strong></span> <span class='ocrx_word' id='word_1_127' title='bbox 1094 1661 1163 1703; x_wconf 86' lang='lat' dir='ltr'><strong>ven·</strong></span> 
     </span>
     <span class='ocr_line' id='line_1_18' title="bbox 118 1730 1165 1793; baseline 0 -3"><span class='ocrx_word' id='word_1_128' title='bbox 118 1741 236 1792; x_wconf 72' lang='lat' dir='ltr'><strong>tturus</strong></span> <span class='ocrx_word' id='word_1_129' title='bbox 258 1730 295 1792; x_wconf 87' lang='lat' dir='ltr'><strong>ab</strong></span> <span class='ocrx_word' id='word_1_130' title='bbox 319 1731 456 1792; x_wconf 89' lang='lat' dir='ltr'><strong>omnibus</strong></span> <span class='ocrx_word' id='word_1_131' title='bbox 479 1731 648 1793; x_wconf 86' lang='lat' dir='ltr'><strong>timebatur.</strong></span> <span class='ocrx_word' id='word_1_132' title='bbox 680 1750 737 1793; x_wconf 90' lang='lat' dir='ltr'><strong>nec</strong></span> <span class='ocrx_word' id='word_1_133' title='bbox 760 1750 897 1793; x_wconf 88' lang='lat' dir='ltr'><strong>securam</strong></span> <span class='ocrx_word' id='word_1_134' title='bbox 917 1733 1095 1793; x_wconf 90' lang='lat' dir='ltr'><strong>incrementi</strong></span> <span class='ocrx_word' id='word_1_135' title='bbox 1117 1732 1165 1793; x_wconf 86' lang='lat' dir='ltr'><strong>sui</strong></span> 
     </span>
     <span class='ocr_line' id='line_1_19' title="bbox 148 1819 1165 1900; baseline 0.001 -21"><span class='ocrx_word' id='word_1_136' title='bbox 148 1819 317 1898; x_wconf 84' lang='lat' dir='ltr'><strong>patiebatur</strong></span> <span class='ocrx_word' id='word_1_137' title='bbox 346 1838 412 1880; x_wconf 89' lang='lat' dir='ltr'><strong>esse</strong></span> <span class='ocrx_word' id='word_1_138' title='bbox 442 1820 569 1900; x_wconf 89' lang='lat' dir='ltr'><strong>Italiam,</strong></span> <span class='ocrx_word' id='word_1_139' title='bbox 601 1823 711 1900; x_wconf 79' lang='lat' dir='ltr'><strong>quippe</strong></span> <span class='ocrx_word' id='word_1_140' title='bbox 744 1838 813 1881; x_wconf 88' lang='lat' dir='ltr'><strong>eum</strong></span> <span class='ocrx_word' id='word_1_141' title='bbox 844 1839 861 1880; x_wconf 84' lang='lat' dir='ltr'><strong>a</strong></span> <span class='ocrx_word' id='word_1_142' title='bbox 893 1822 1016 1883; x_wconf 80' lang='lat' dir='ltr'><strong>srrmmis</strong></span> <span class='ocrx_word' id='word_1_143' title='bbox 1040 1819 1165 1900; x_wconf 80' lang='lat' dir='ltr'><strong>Alpium</strong></span> 
     </span>
     <span class='ocr_line' id='line_1_20' title="bbox 148 1908 1166 1989; baseline 0.002 -22"><span class='ocrx_word' id='word_1_144' title='bbox 148 1910 239 1986; x_wconf 75' lang='lat' dir='ltr'><strong>iugiS,</strong></span> <span class='ocrx_word' id='word_1_145' title='bbox 266 1925 345 1985; x_wconf 90' lang='lat' dir='ltr'><strong>quae</strong></span> <span class='ocrx_word' id='word_1_146' title='bbox 372 1909 462 1968; x_wconf 83' lang='lat' dir='ltr'><strong>finem</strong></span> <span class='ocrx_word' id='word_1_147' title='bbox 489 1908 589 1969; x_wconf 89' lang='lat' dir='ltr'><strong>ltaliae</strong></span> <span class='ocrx_word' id='word_1_148' title='bbox 618 1911 791 1989; x_wconf 87' lang='lat' dir='ltr'><strong>terminant,</strong></span> <span class='ocrx_word' id='word_1_149' title='bbox 823 1909 942 1969; x_wconf 90' lang='lat' dir='ltr'><strong>initium</strong></span> <span class='ocrx_word' id='word_1_150' title='bbox 967 1910 1033 1969; x_wconf 91' lang='lat' dir='ltr'><strong>eius</strong></span> <span class='ocrx_word' id='word_1_151' title='bbox 1060 1909 1166 1971; x_wconf 83' lang='lat' dir='ltr'><strong>tioium</strong></span> 
     </span>
     <span class='ocr_line' id='line_1_21' title="bbox 119 1995 1201 2075; baseline 0.004 -22"><span class='ocrx_word' id='word_1_152' title='bbox 119 1995 228 2055; x_wconf 76' lang='lat' dir='ltr'><strong>tiraud</strong></span> <span class='ocrx_word' id='word_1_153' title='bbox 251 1995 344 2056; x_wconf 83' lang='lat' dir='ltr'><strong>muto</strong></span> <span class='ocrx_word' id='word_1_154' title='bbox 367 1996 435 2074; x_wconf 92' lang='lat' dir='ltr'><strong>plus</strong></span> <span class='ocrx_word' id='word_1_155' title='bbox 458 1996 595 2057; x_wconf 89' lang='lat' dir='ltr'><strong>ducentis</strong></span> <span class='ocrx_word' id='word_1_156' title='bbox 612 1995 903 2075; x_wconf 84' lang='lat' dir='ltr'><strong>milibus&#39;passuum</strong></span> <span class='ocrx_word' id='word_1_157' title='bbox 925 1996 1052 2059; x_wconf 88' lang='lat' dir='ltr'><strong>abesset.</strong></span> <span class='ocrx_word' id='word_1_158' title='bbox 1083 1996 1201 2059; x_wconf 77' lang='lat' dir='ltr'><strong>bunc-¹⁰</strong></span> 
     </span>
     <span class='ocr_line' id='line_1_22' title="bbox 149 2081 1165 2164; baseline 0.002 -22"><span class='ocrx_word' id='word_1_159' title='bbox 149 2086 247 2143; x_wconf 83' lang='lat' dir='ltr'><strong>virum</strong></span> <span class='ocrx_word' id='word_1_160' title='bbox 269 2091 300 2142; x_wconf 88' lang='lat' dir='ltr'><strong>et</strong></span> <span class='ocrx_word' id='word_1_161' title='bbox 322 2081 398 2143; x_wconf 88' lang='lat' dir='ltr'><strong>hanc</strong></span> <span class='ocrx_word' id='word_1_162' title='bbox 420 2087 573 2163; x_wconf 88' lang='lat' dir='ltr'><strong>regionem</strong></span> <span class='ocrx_word' id='word_1_163' title='bbox 595 2086 730 2164; x_wconf 83' lang='lat' dir='ltr'><strong>proximo</strong></span> <span class='ocrx_word' id='word_1_164' title='bbox 749 2103 826 2146; x_wconf 89' lang='lat' dir='ltr'><strong>anuo</strong></span> <span class='ocrx_word' id='word_1_165' title='bbox 846 2085 971 2146; x_wconf 88' lang='lat' dir='ltr'><strong>diversis</strong></span> <span class='ocrx_word' id='word_1_166' title='bbox 993 2084 1165 2164; x_wconf 73' lang='lat' dir='ltr'><strong>epartlbus</strong></span> 
     </span>
     <span class='ocr_line' id='line_1_23' title="bbox 150 2170 1166 2254; baseline 0.002 -24"><span class='ocrx_word' id='word_1_167' title='bbox 150 2172 193 2232; x_wconf 80' lang='lat' dir='ltr'><strong>Ti.</strong></span> <span class='ocrx_word' id='word_1_168' title='bbox 209 2170 316 2232; x_wconf 81' lang='lat' dir='ltr'><strong>Caesar</strong></span> <span class='ocrx_word' id='word_1_169' title='bbox 330 2171 452 2251; x_wconf 89' lang='lat' dir='ltr'><strong>adgredi</strong></span> <span class='ocrx_word' id='word_1_170' title='bbox 471 2176 584 2235; x_wconf 87' lang='lat' dir='ltr'><strong>statuit.</strong></span> <span class='ocrx_word' id='word_1_171' title='bbox 617 2173 720 2235; x_wconf 80' lang='lat' dir='ltr'><strong>Sentio</strong></span> <span class='ocrx_word' id='word_1_172' title='bbox 740 2172 900 2235; x_wconf 87' lang='lat' dir='ltr'><strong>Saturnino</strong></span> <span class='ocrx_word' id='word_1_173' title='bbox 923 2173 1110 2254; x_wconf 85' lang='lat' dir='ltr'><strong>mandatum,</strong></span> <span class='ocrx_word' id='word_1_174' title='bbox 1131 2178 1166 2233; x_wconf 90' lang='lat' dir='ltr'><strong>ut</strong></span> 
     </span>
     <span class='ocr_line' id='line_1_24' title="bbox 150 2258 1164 2341; baseline 0.002 -23"><span class='ocrx_word' id='word_1_175' title='bbox 150 2277 204 2338; x_wconf 88' lang='lat' dir='ltr'><strong>per</strong></span> <span class='ocrx_word' id='word_1_176' title='bbox 225 2258 326 2321; x_wconf 84' lang='lat' dir='ltr'><strong>Cattos</strong></span> <span class='ocrx_word' id='word_1_177' title='bbox 353 2262 461 2322; x_wconf 82' lang='lat' dir='ltr'><strong>excisis</strong></span> <span class='ocrx_word' id='word_1_178' title='bbox 488 2261 710 2323; x_wconf 87' lang='lat' dir='ltr'><strong>continentibus</strong></span> <span class='ocrx_word' id='word_1_179' title='bbox 731 2260 897 2341; x_wconf 75' lang='lat' dir='ltr'><strong>Hercyniae</strong></span> <span class='ocrx_word' id='word_1_180' title='bbox 911 2259 1001 2321; x_wconf 82' lang='lat' dir='ltr'><strong>silvis</strong></span> <span class='ocrx_word' id='word_1_181' title='bbox 1032 2261 1164 2340; x_wconf 86' lang='lat' dir='ltr'><strong>legiones</strong></span> 
     </span>
     <span class='ocr_line' id='line_1_25' title="bbox 149 2341 1164 2430; baseline 0 -23"><span class='ocrx_word' id='word_1_182' title='bbox 149 2348 361 2409; x_wconf 89' lang='lat' dir='ltr'><strong>Boiohaernum</strong></span> <span class='ocrx_word' id='word_1_183' title='bbox 375 2341 420 2430; x_wconf 82' lang='lat' dir='ltr'><strong>(id</strong></span> <span class='ocrx_word' id='word_1_184' title='bbox 435 2351 560 2430; x_wconf 84' lang='lat' dir='ltr'><strong>regioni,</strong></span> <span class='ocrx_word' id='word_1_185' title='bbox 574 2367 663 2428; x_wconf 83' lang='lat' dir='ltr'><strong>quarn</strong></span> <span class='ocrx_word' id='word_1_186' title='bbox 676 2349 825 2411; x_wconf 87' lang='lat' dir='ltr'><strong>incolebat</strong></span> <span class='ocrx_word' id='word_1_187' title='bbox 833 2348 1041 2430; x_wconf 82' lang='lat' dir='ltr'><strong>Maroboduus,</strong></span> <span class='ocrx_word' id='word_1_188' title='bbox 1055 2365 1164 2411; x_wconf 89' lang='lat' dir='ltr'><strong>nomen</strong></span> 
     </span>
     <span class='ocr_line' id='line_1_26' title="bbox 150 2429 1201 2520; baseline 0.003 -26"><span class='ocrx_word' id='word_1_189' title='bbox 150 2429 224 2516; x_wconf 88' lang='lat' dir='ltr'><strong>est),</strong></span> <span class='ocrx_word' id='word_1_190' title='bbox 246 2438 310 2514; x_wconf 88' lang='lat' dir='ltr'><strong>ipse</strong></span> <span class='ocrx_word' id='word_1_191' title='bbox 331 2454 348 2496; x_wconf 95' lang='lat' dir='ltr'><strong>a</strong></span> <span class='ocrx_word' id='word_1_192' title='bbox 368 2436 532 2520; x_wconf 87' lang='lat' dir='ltr'><strong>Carnunto,</strong></span> <span class='ocrx_word' id='word_1_193' title='bbox 554 2439 607 2515; x_wconf 94' lang='lat' dir='ltr'><strong>qui</strong></span> <span class='ocrx_word' id='word_1_194' title='bbox 629 2438 712 2499; x_wconf 88' lang='lat' dir='ltr'><strong>locus</strong></span> <span class='ocrx_word' id='word_1_195' title='bbox 731 2437 832 2498; x_wconf 82' lang='lat' dir='ltr'><strong>Norici</strong></span> <span class='ocrx_word' id='word_1_196' title='bbox 850 2439 936 2516; x_wconf 86' lang='lat' dir='ltr'><strong>regni</strong></span> <span class='ocrx_word' id='word_1_197' title='bbox 953 2439 1108 2517; x_wconf 83' lang='lat' dir='ltr'><strong>proximus</strong></span> <span class='ocrx_word' id='word_1_198' title='bbox 1126 2435 1201 2497; x_wconf 60' lang='lat' dir='ltr'><strong>abab</strong></span> 
     </span>
     <span class='ocr_line' id='line_1_27' title="bbox 148 2522 1163 2607; baseline 0.003 -26"><span class='ocrx_word' id='word_1_199' title='bbox 148 2522 203 2582; x_wconf 89' lang='lat' dir='ltr'><strong>hac</strong></span> <span class='ocrx_word' id='word_1_200' title='bbox 226 2530 310 2602; x_wconf 88' lang='lat' dir='ltr'><strong>parte</strong></span> <span class='ocrx_word' id='word_1_201' title='bbox 330 2532 407 2605; x_wconf 88' lang='lat' dir='ltr'><strong>erat,</strong></span> <span class='ocrx_word' id='word_1_202' title='bbox 430 2528 607 2607; x_wconf 83' lang='lat' dir='ltr'><strong>exercitum,</strong></span> <span class='ocrx_word' id='word_1_203' title='bbox 629 2528 681 2603; x_wconf 92' lang='lat' dir='ltr'><strong>qui</strong></span> <span class='ocrx_word' id='word_1_204' title='bbox 703 2527 735 2586; x_wconf 93' lang='lat' dir='ltr'><strong>in</strong></span> <span class='ocrx_word' id='word_1_205' title='bbox 753 2524 869 2603; x_wconf 78' lang='lat' dir='ltr'><strong>illyrico</strong></span> <span class='ocrx_word' id='word_1_206' title='bbox 888 2525 1030 2607; x_wconf 89' lang='lat' dir='ltr'><strong>merebat,</strong></span> <span class='ocrx_word' id='word_1_207' title='bbox 1053 2525 1163 2589; x_wconf 89' lang='lat' dir='ltr'><strong>dueere</strong></span> 
     </span>
     <span class='ocr_line' id='line_1_28' title="bbox 149 2608 616 2674; baseline 0.015 -7"><span class='ocrx_word' id='word_1_208' title='bbox 149 2611 180 2668; x_wconf 92' lang='lat' dir='ltr'><strong>in</strong></span> <span class='ocrx_word' id='word_1_209' title='bbox 203 2608 429 2672; x_wconf 89' lang='lat' dir='ltr'><strong>Marcomannos</strong></span> <span class='ocrx_word' id='word_1_210' title='bbox 451 2631 538 2674; x_wconf 91' lang='lat' dir='ltr'><strong>orsus</strong></span> <span class='ocrx_word' id='word_1_211' title='bbox 560 2621 616 2674; x_wconf 83' lang='lat' dir='ltr'><strong>est.</strong></span> 
     </span>
    </p>
   </div>
   <div class='ocr_carea' id='block_1_3' title="bbox 149 2831 1165 3470">
    <p class='ocr_par' dir='ltr' id='par_1_3' title="bbox 149 2831 1165 3470">
     <span class='ocr_line' id='line_1_29' title="bbox 222 2831 1164 2907; baseline 0.003 -21"><span class='ocrx_word' id='word_1_212' title='bbox 222 2839 237 2886; x_wconf 89' lang='lat'>1</span> <span class='ocrx_word' id='word_1_213' title='bbox 258 2831 475 2887; x_wconf 82' lang='lat' dir='ltr'><strong>custodientium</strong></span> <span class='ocrx_word' id='word_1_214' title='bbox 496 2833 628 2903; x_wconf 78' lang='lat' dir='ltr'><strong>Madvig:</strong></span> <span class='ocrx_word' id='word_1_215' title='bbox 647 2835 775 2890; x_wconf 79' lang='lat' dir='ltr'><strong>custodie</strong></span> <span class='ocrx_word' id='word_1_216' title='bbox 791 2837 852 2889; x_wconf 90' lang='lat' dir='ltr'><strong>tum</strong></span> <span class='ocrx_word' id='word_1_217' title='bbox 870 2835 939 2903; x_wconf 80' lang='lat' dir='ltr'><strong>AP3</strong></span> <span class='ocrx_word' id='word_1_218' title='bbox 959 2835 1090 2907; x_wconf 58' lang='lat' dir='ltr'><strong>maen</strong></span> <span class='ocrx_word' id='word_1_219' title='bbox 1107 2839 1164 2889; x_wconf 76' lang='lat' dir='ltr'><strong>tea·</strong></span> 
     </span>
     <span class='ocr_line' id='line_1_30' title="bbox 150 2903 1164 2976; baseline 0.004 -19"><span class='ocrx_word' id='word_1_220' title='bbox 150 2903 257 2958; x_wconf 75' lang='lat' dir='ltr'><strong>tomice</strong></span> <span class='ocrx_word' id='word_1_221' title='bbox 274 2920 298 2957; x_wconf 88' lang='lat' dir='ltr'><strong>o.</strong></span> <span class='ocrx_word' id='word_1_222' title='bbox 318 2905 395 2972; x_wconf 78' lang='lat' dir='ltr'><strong>apud</strong></span> <span class='ocrx_word' id='word_1_223' title='bbox 412 2903 555 2958; x_wconf 73' lang='lat' dir='ltr'><strong>licitatum</strong></span> <span class='ocrx_word' id='word_1_224' title='bbox 634 2911 650 2959; x_wconf 81' lang='lat'>5</span> <span class='ocrx_word' id='word_1_225' title='bbox 669 2905 831 2974; x_wconf 83' lang='lat' dir='ltr'><strong>lacesseret,</strong></span> <span class='ocrx_word' id='word_1_226' title='bbox 849 2908 880 2960; x_wconf 84' lang='lat' dir='ltr'><strong>at</strong></span> <span class='ocrx_word' id='word_1_227' title='bbox 898 2907 921 2961; x_wconf 88' lang='lat' dir='ltr'><strong>ei</strong></span> <span class='ocrx_word' id='word_1_228' title='bbox 938 2906 1076 2976; x_wconf 76' lang='lat' dir='ltr'><strong>supplevit</strong></span> <span class='ocrx_word' id='word_1_229' title='bbox 1092 2904 1164 2961; x_wconf 73' lang='lat' dir='ltr'><strong>Rae-</strong></span> 
     </span>
     <span class='ocr_line' id='line_1_31' title="bbox 149 2974 1165 3043; baseline 0.003 -15"><span class='ocrx_word' id='word_1_230' title='bbox 149 2990 242 3028; x_wconf 81' lang='lat' dir='ltr'><strong>ncnue</strong></span> <span class='ocrx_word' id='word_1_231' title='bbox 323 2974 519 3029; x_wconf 77' lang='lat' dir='ltr'><strong>oostenderet</strong></span> <span class='ocrx_word' id='word_1_232' title='bbox 535 2974 599 3030; x_wconf 83' lang='lat' dir='ltr'><strong>odd.</strong></span> <span class='ocrx_word' id='word_1_233' title='bbox 618 2975 748 3031; x_wconf 75' lang='lat' dir='ltr'><strong>Burman</strong></span> <span class='ocrx_word' id='word_1_234' title='bbox 826 2983 858 3031; x_wconf 92' lang='lat'><strong>10</strong></span> <span class='ocrx_word' id='word_1_235' title='bbox 876 2976 907 3031; x_wconf 89' lang='lat' dir='ltr'><strong>in</strong></span> <span class='ocrx_word' id='word_1_236' title='bbox 924 2978 989 3032; x_wconf 84' lang='lat' dir='ltr'><strong>odd.</strong></span> <span class='ocrx_word' id='word_1_237' title='bbox 1007 2976 1165 3043; x_wconf 71' lang='lat' dir='ltr'><strong>Acidaliae,</strong></span> 
     </span>
     <span class='ocr_line' id='line_1_32' title="bbox 151 3042 1164 3117; baseline 0.006 -19"><span class='ocrx_word' id='word_1_238' title='bbox 151 3045 185 3110; x_wconf 77' lang='lat' dir='ltr'><strong>es.</strong></span> <span class='ocrx_word' id='word_1_239' title='bbox 205 3042 334 3114; x_wconf 69' lang='lat' dir='ltr'><strong>Madau.</strong></span> <span class='ocrx_word' id='word_1_240' title='bbox 352 3046 425 3100; x_wconf 85' lang='lat' dir='ltr'><strong>Ado.</strong></span> <span class='ocrx_word' id='word_1_241' title='bbox 443 3044 483 3117; x_wconf 92' lang='lat' dir='ltr'><strong>II,</strong></span> <span class='ocrx_word' id='word_1_242' title='bbox 501 3050 553 3101; x_wconf 83' lang='grc'><strong>309</strong></span> <span class='ocrx_word' id='word_1_243' title='bbox 573 3048 715 3114; x_wconf 76' lang='lat' dir='ltr'><strong>(totusque</strong></span> <span class='ocrx_word' id='word_1_244' title='bbox 733 3047 878 3117; x_wconf 71' lang='lat' dir='ltr'><strong>Henetus)</strong></span> <span class='ocrx_word' id='word_1_245' title='bbox 950 3054 981 3101; x_wconf 94' lang='lat'><strong>11</strong></span> <span class='ocrx_word' id='word_1_246' title='bbox 1001 3047 1164 3113; x_wconf 81' lang='lat' dir='ltr'><strong>exereitum,</strong></span> 
     </span>
     <span class='ocr_line' id='line_1_33' title="bbox 151 3114 1164 3188; baseline 0.004 -19"><span class='ocrx_word' id='word_1_247' title='bbox 151 3131 235 3182; x_wconf 85' lang='lat' dir='ltr'><strong>quem</strong></span> <span class='ocrx_word' id='word_1_248' title='bbox 252 3115 348 3171; x_wconf 67' lang='lat' dir='ltr'><strong>malm</strong></span> <span class='ocrx_word' id='word_1_249' title='bbox 363 3119 367 3186; x_wconf 80' lang='grc' dir='ltr'>Ι</span> <span class='ocrx_word' id='word_1_250' title='bbox 382 3114 465 3170; x_wconf 73' lang='lat' dir='ltr'><strong>on.</strong></span> <span class='ocrx_word' id='word_1_251' title='bbox 481 3117 529 3170; x_wconf 89' lang='lat' dir='ltr'><strong>M:</strong></span> <span class='ocrx_word' id='word_1_252' title='bbox 548 3115 605 3171; x_wconf 69' lang='lat' dir='ltr'><strong>LX</strong></span> <span class='ocrx_word' id='word_1_253' title='bbox 624 3117 683 3170; x_wconf 84' lang='grc' dir='ltr'><strong>ΑΡ</strong></span> <span class='ocrx_word' id='word_1_254' title='bbox 739 3123 771 3173; x_wconf 90' lang='grc'><strong>12</strong></span> <span class='ocrx_word' id='word_1_255' title='bbox 790 3119 983 3186; x_wconf 83' lang='lat' dir='ltr'><strong>quatuorAP</strong></span> <span class='ocrx_word' id='word_1_256' title='bbox 1035 3124 1069 3172; x_wconf 79' lang='lat'><strong>13</strong></span> <span class='ocrx_word' id='word_1_257' title='bbox 1088 3116 1164 3188; x_wconf 76' lang='lat' dir='ltr'><strong>quod</strong></span> 
     </span>
     <span class='ocr_line' id='line_1_34' title="bbox 150 3186 1099 3257; baseline 0.002 -17"><span class='ocrx_word' id='word_1_258' title='bbox 150 3186 255 3256; x_wconf 82' lang='lat' dir='ltr'><strong>agebat</strong></span> <span class='ocrx_word' id='word_1_259' title='bbox 267 3186 402 3241; x_wconf 76' lang='lat' dir='ltr'><strong>&#39;Burman</strong></span> <span class='ocrx_word' id='word_1_260' title='bbox 425 3190 429 3256; x_wconf 84' lang='grc'>1</span> <span class='ocrx_word' id='word_1_261' title='bbox 455 3188 502 3257; x_wconf 91' lang='lat' dir='ltr'><strong>opi</strong></span> <span class='ocrx_word' id='word_1_262' title='bbox 519 3187 547 3240; x_wconf 97' lang='lat' dir='ltr'><strong><em>A</em></strong></span> <span class='ocrx_word' id='word_1_263' title='bbox 619 3194 652 3242; x_wconf 81' lang='lat'><strong>19</strong></span> <span class='ocrx_word' id='word_1_264' title='bbox 673 3187 731 3243; x_wconf 85' lang='lat' dir='ltr'><strong>eius</strong></span> <span class='ocrx_word' id='word_1_265' title='bbox 751 3188 790 3244; x_wconf 87' lang='lat' dir='ltr'><strong>P:</strong></span> <span class='ocrx_word' id='word_1_266' title='bbox 813 3189 891 3244; x_wconf 84' lang='lat' dir='ltr'><strong>euius</strong></span> <span class='ocrx_word' id='word_1_267' title='bbox 910 3189 975 3243; x_wconf 87' lang='lat' dir='ltr'><strong>MA</strong></span> <span class='ocrx_word' id='word_1_268' title='bbox 1047 3194 1099 3243; x_wconf 82' lang='grc'><strong>20.</strong></span> 
     </span>
     <span class='ocr_line' id='line_1_35' title="bbox 152 3257 1096 3317; baseline 0.003 -6"><span class='ocrx_word' id='word_1_269' title='bbox 152 3275 214 3311; x_wconf 88' lang='lat' dir='ltr'><strong>sum</strong></span> <span class='ocrx_word' id='word_1_270' title='bbox 232 3258 260 3312; x_wconf 88' lang='lat' dir='ltr'><strong><em>A</em></strong></span> <span class='ocrx_word' id='word_1_271' title='bbox 332 3264 366 3312; x_wconf 92' lang='grc'><strong>22</strong></span> <span class='ocrx_word' id='word_1_272' title='bbox 385 3257 428 3313; x_wconf 82' lang='lat' dir='ltr'><strong>Ti.</strong></span> <span class='ocrx_word' id='word_1_273' title='bbox 449 3258 487 3313; x_wconf 91' lang='lat' dir='ltr'><strong>P:</strong></span> <span class='ocrx_word' id='word_1_274' title='bbox 506 3257 538 3312; x_wconf 88' lang='grc' dir='ltr'><strong>Τ.</strong></span> <span class='ocrx_word' id='word_1_275' title='bbox 556 3258 584 3312; x_wconf 83' lang='lat' dir='ltr'><strong><em>A</em></strong></span> <span class='ocrx_word' id='word_1_276' title='bbox 656 3264 690 3312; x_wconf 86' lang='grc'><strong>23</strong></span> <span class='ocrx_word' id='word_1_277' title='bbox 710 3257 826 3314; x_wconf 80' lang='lat' dir='ltr'><strong>Catthos</strong></span> <span class='ocrx_word' id='word_1_278' title='bbox 844 3259 903 3314; x_wconf 82' lang='grc' dir='ltr'><strong>ΑΡ</strong></span> <span class='ocrx_word' id='word_1_279' title='bbox 968 3258 1096 3317; x_wconf 75' lang='lat' dir='ltr'><strong>arnon</strong></span> 
     </span>
     <span class='ocr_line' id='line_1_36' title="bbox 150 3328 1162 3399; baseline 0.005 -18"><span class='ocrx_word' id='word_1_280' title='bbox 150 3345 228 3382; x_wconf 87' lang='lat' dir='ltr'><strong>mum</strong></span> <span class='ocrx_word' id='word_1_281' title='bbox 245 3328 282 3394; x_wconf 90' lang='lat' dir='ltr'><strong>A,</strong></span> <span class='ocrx_word' id='word_1_282' title='bbox 300 3328 504 3385; x_wconf 88' lang='lat' dir='ltr'><strong>Boiohoemum</strong></span> <span class='ocrx_word' id='word_1_283' title='bbox 520 3329 559 3395; x_wconf 89' lang='lat' dir='ltr'><strong>P;</strong></span> <span class='ocrx_word' id='word_1_284' title='bbox 578 3328 693 3383; x_wconf 85' lang='lat' dir='ltr'><strong>duceret</strong></span> <span class='ocrx_word' id='word_1_285' title='bbox 711 3330 821 3385; x_wconf 80' lang='lat' dir='ltr'><strong>eddidit</strong></span> <span class='ocrx_word' id='word_1_286' title='bbox 834 3330 950 3399; x_wconf 80' lang='lat' dir='ltr'><strong>Lipsius</strong></span> <span class='ocrx_word' id='word_1_287' title='bbox 1014 3336 1049 3386; x_wconf 80' lang='grc'><strong>25</strong></span> <span class='ocrx_word' id='word_1_288' title='bbox 1066 3346 1085 3385; x_wconf 82' lang='lat' dir='ltr'><strong>a</strong></span> <span class='ocrx_word' id='word_1_289' title='bbox 1099 3328 1162 3386; x_wconf 80' lang='lat' dir='ltr'><strong>Oar-</strong></span> 
     </span>
     <span class='ocr_line' id='line_1_37' title="bbox 150 3399 1123 3470; baseline 0.006 -20"><span class='ocrx_word' id='word_1_290' title='bbox 150 3402 239 3452; x_wconf 89' lang='lat' dir='ltr'><strong>nunto</strong></span> <span class='ocrx_word' id='word_1_291' title='bbox 260 3399 299 3453; x_wconf 85' lang='lat' dir='ltr'><strong>P:</strong></span> <span class='ocrx_word' id='word_1_292' title='bbox 317 3402 478 3455; x_wconf 81' lang='lat' dir='ltr'><strong>Acarnanio</strong></span> <span class='ocrx_word' id='word_1_293' title='bbox 496 3403 526 3469; x_wconf 79' lang='lat' dir='ltr'><strong>(s.</strong></span> <span class='ocrx_word' id='word_1_294' title='bbox 547 3401 564 3455; x_wconf 88' lang='lat' dir='ltr'><strong>l.</strong></span> <span class='ocrx_word' id='word_1_295' title='bbox 583 3402 624 3454; x_wconf 89' lang='lat' dir='ltr'><strong>Ac</strong></span> <span class='ocrx_word' id='word_1_296' title='bbox 642 3401 791 3470; x_wconf 85' lang='lat' dir='ltr'><strong>arnumho)</strong></span> <span class='ocrx_word' id='word_1_297' title='bbox 809 3401 837 3455; x_wconf 88' lang='lat' dir='ltr'><strong><em>A</em></strong></span> <span class='ocrx_word' id='word_1_298' title='bbox 909 3407 943 3456; x_wconf 82' lang='grc'><strong>26</strong></span> <span class='ocrx_word' id='word_1_299' title='bbox 962 3401 1079 3456; x_wconf 87' lang='lat' dir='ltr'><strong>duceret</strong></span> <span class='ocrx_word' id='word_1_300' title='bbox 1096 3403 1123 3456; x_wconf 90' lang='lat' dir='ltr'><strong><em>A</em></strong></span> 
     </span>
    </p>
   </div>
   <div class='ocr_carea' id='block_1_4' title="bbox 0 0 1217 3848">
    <p class='ocr_par' dir='ltr' id='par_1_4' title="bbox 0 0 1217 3848">
     <span class='ocr_line' id='line_1_38' title="bbox 0 0 1217 3848; baseline 0 0"><span class='ocrx_word' id='word_1_301' title='bbox 0 0 1217 3848; x_wconf 95' lang='lat' dir='ltr'><strong> </strong></span> 
     </span>
    </p>
   </div>
  </div>
 </body>
</html>
