2422 3848
636 184 662 237 11

138 353 262 413 validius
285 352 386 431 diligat
409 360 460 413 aut
483 352 598 413 iacilius
620 353 747 417 sufficiat
767 354 885 432 negotio
909 361 938 412 et
962 354 1055 431 magis
1079 369 1155 431 quae

139 442 251 521 agenda
274 451 344 502 sunt
368 449 453 501 curet
476 442 539 500 sine
563 440 622 501 ulla
645 443 842 502 ostentatione
867 440 980 520 agendi.
1010 469 1013 473 ·

110 543 123 590 1
228 525 280 591 99.
326 529 598 597 Breviinteriecto
628 531 723 609 spatio
751 529 795 590 Ti.
823 529 902 590 Nero
935 528 1052 589 duobus
1085 547 1156 590 oon-

138 618 283 679 sulatibus
307 618 489 696 totidemque
518 617 676 697 triumphis
700 620 773 678 actis
798 617 974 678 tribuniciae
998 620 1156 698 potestatis

85 752 88 759 .
138 709 327 768 consortione
351 715 494 785 aequatus
512 706 660 786 Augusto,
684 709 792 767 civium
814 714 883 785 post
905 723 1013 784 uuum,
1037 714 1067 766 et
1085 704 1184 786 hoc,⁵

138 799 206 875 quia
229 794 357 876 volebat,
381 796 647 875 eminentissimus,
675 794 785 856 ducum
808 797 966 874 maxumus,
995 794 1071 855 iama
1097 795 1156 854 ior-

138 892 269 971 Que
293 882 507 944 celeberrimus
531 892 561 943 et
583 900 654 942 vere
677 882 803 943 alterum
826 885 871 943 rei
894 882 1030 961 publicae
1054 883 1156 946 lumen

107 981 169 1032 net
198 981 298 1052 caput,
332 973 406 1032 mira
433 972 559 1051 quadam
587 980 617 1031 et
649 959 815 1032 incredibili
845 980 934 1049 atque
964 971 1157 1032 inenarrabili

136 1063 260 1140 pietate,
280 1063 365 1121 cuius
384 1078 491 1121 causae
511 1078 579 1120 mon
598 1060 731 1120 detectae
751 1068 836 1140 sunt,
855 1077 924 1120 cum
942 1059 1032 1120 Gaius
1047 1058 1156 1120 Caeam

137 1151 314 1228 sumpsisset
336 1150 394 1208 iam
417 1148 532 1208 virilem
555 1156 668 1228 togam,
692 1147 802 1209 Lucius
825 1151 897 1208 item
916 1154 1051 1208 maturus
1075 1156 1157 1208 esset
1171 1157 1196 1196 1⁰

40 1258 44 1265 ⁴
136 1236 263 1317 viribus,
286 1254 324 1296 ne
347 1237 445 1315 fulgor
466 1254 539 1297 suus
558 1238 718 1297 orientium
736 1238 878 1296 iuvenum
895 1236 1028 1296 obstaret
1051 1237 1157 1316 initiis,

137 1325 320 1385 dissimulata
343 1342 432 1384 causa
451 1323 567 1384 consilii
586 1326 645 1404 sui,
669 1330 867 1385 commeatum
886 1324 922 1384 ab
942 1342 1046 1385 socero
1067 1332 1156 1403 atque

137 1413 242 1472 eodem
266 1414 370 1473 vitrico
389 1411 600 1490 adquiescendi
624 1431 640 1483 a
659 1415 881 1474 continuatione
904 1412 1040 1473 laborum
1061 1415 1157 1491 petiit.

107 1503 206 1579 3quis
234 1502 324 1561 irrerit
352 1518 387 1560 eo
415 1507 548 1580 tempore
577 1502 703 1562 civitatis
731 1501 863 1582 habitus,
893 1504 944 1580 qui
971 1500 1157 1581 singulorum

139 1592 241 1670 animi,
268 1607 342 1668 quae
367 1588 597 1668 digredientium
620 1608 637 1649 a
659 1597 742 1650 tanto
765 1592 829 1650 viro
853 1591 986 1650 omnium
1008 1588 1157 1669 lacrimae,
1171 1597 1196 1636 1⁵

137 1697 225 1756 quam
253 1693 348 1756 paene
376 1680 404 1738 ei
432 1681 526 1757 patria
559 1696 680 1739 manum
709 1680 859 1758 iniecerit,
890 1681 970 1739 iusto
1003 1696 1157 1739 servemus

105 1769 234 1846 40peri:
270 1765 342 1826 illud
370 1768 459 1826 etiam
486 1769 518 1826 in
545 1767 602 1827 hoc
630 1776 806 1828 transcursu
833 1767 992 1828 dicendum
1025 1774 1084 1847 est,
1115 1768 1157 1826 ita

139 1864 255 1934 septem
283 1872 376 1915 annos
403 1854 500 1915 Rhodi
528 1862 689 1935 moratum,
717 1863 751 1916 ut
779 1873 896 1936 omnes,
924 1857 976 1935 qui
1002 1873 1058 1934 pro
1086 1873 1156 1915 con-

139 1943 253 2004 sulibus
277 1943 424 2021 legatique
448 1946 478 2003 in
503 1947 715 2004 transmarinas
738 1951 811 2005 aunt
829 1945 957 2024 proiecti
980 1946 1157 2024 provinciae,

137 2031 252 2091 visendi
280 2033 345 2092 eius
373 2033 466 2110 gratia
489 2033 631 2093 Rhodam
660 2035 849 2094 devenerint
875 2041 962 2111 atque
991 2050 1061 2093 eum
1087 2050 1157 2093 con·
1170 2041 1199 2081 2⁰

136 2122 290 2180 venientes
314 2137 432 2199 semper
454 2122 582 2201 privato,
606 2122 632 2181 si
654 2120 703 2182 ilia
722 2123 860 2183 maiestas
878 2125 991 2202 privata
1014 2136 1157 2200 umquam

136 2209 207 2289 suit,
239 2208 335 2268 fasces
367 2226 438 2269 suos
472 2211 676 2270 summiserint
706 2210 835 2289 fassique
873 2213 932 2271 sint
964 2211 1057 2271 otium
1091 2211 1157 2271 eius

137 2297 312 2357 honoratius
335 2299 460 2376 imperio
485 2316 549 2358 suo.

107 2400 121 2447 1
228 2381 302 2446 100:
348 2384 447 2446 Sensit
480 2393 629 2447 terrarum
661 2387 742 2448 orbis
774 2387 942 2466 digressum
975 2405 991 2447 a
1021 2387 1156 2448 custodia

136 2473 286 2533 Neronem
318 2472 415 2534 urbis:
447 2493 516 2534 nam
548 2483 579 2535 et
605 2474 733 2536 Parthus
762 2476 931 2536 desciscens
964 2493 980 2535 a
1013 2477 1199 2537 societater>

137 2561 268 2620 Romana
299 2560 407 2622 adiecit
437 2561 595 2623 Armeniae
632 2581 752 2623 manum
789 2573 819 2624 et
851 2563 1008 2624 Germania
1044 2566 1157 2625 aversis

106 2649 293 2712 adomitoris
317 2651 364 2709 sui
387 2649 482 2710 oculis
505 2650 666 2712 rebellavit.
712 2660 741 2712 at
763 2653 795 2711 in
818 2650 893 2712 urbe
921 2670 957 2712 eo
980 2654 1045 2732 ipso
1069 2670 1156 2731 anno,

137 2754 196 2815 quo
220 2737 520 2815 magnificentissimis
548 2738 713 2818 gladiatorii
740 2741 886 2801 muneris
904 2740 1156 2820 naumachiaeque

208 2896 224 2943 3
244 2889 287 2944 Ti.
308 2889 347 2944 P:
366 2889 398 2943 Τ.
417 2890 445 2944 Α
501 2897 533 2946 11
552 2891 659 2948 viribus
676 2891 791 2960 Bepoat.
811 2892 879 2946 uiris
893 2893 957 2960 ΑΡ,
977 2893 1050 2947 euris
1067 2893 1157 2948 Hein-

136 2963 211 3015 ar'na
268 2966 301 3015 13
319 2960 437 3016 uictrioo
456 2962 484 3016 A
557 2968 590 3018 15
609 2980 627 3018 a
644 2965 724 3019 tanto
745 2963 784 3017 P:
804 2965 833 3018 et
851 2965 917 3021 auto
936 2965 964 3019 A
1043 2967 1156 3019 18111-

137 3033 231 3085 ratum
250 3031 327 3085 MA:
351 3034 492 3086 morotum
510 3036 554 3088 est
573 3033 602 3087 P
690 3039 723 3088 19
741 3033 899 3104 legatisque
918 3035 945 3088 A
964 3050 1033 3088 corr.
1060 3037 1064 3102 Ι
1090 3035 1157 3088 sunt

136 3103 296 3157 addidimus
382 3109 416 3159 20
436 3103 549 3172 *gretia
567 3104 603 3158 ad
621 3118 705 3173 quem
724 3105 923 3160 conuenientes
941 3103 1006 3171 ΑΡ,
1024 3106 1059 3171 ef.
1080 3104 1156 3160 Suet.

139 3174 199 3227 Tit.
216 3178 248 3228 12
268 3173 416 3255 vitansque
433 3174 741 3257 praeternavigantium
754 3175 861 3243 officia,
879 3175 979 3245 quibus
993 3173 1157 3244 frequenta·

136 3244 220 3297 bntur
243 3244 368 3312 caudae,
394 3245 505 3300 nemine
529 3263 594 3301 cum
616 3245 734 3316 imperio
758 3248 808 3301 aut
832 3245 999 3316 megittratu
1023 3245 1157 3303 tendente

138 3331 293 3383 quoquam,
312 3315 380 3383 quin
398 3313 557 3371 deuerteret
573 3314 712 3370 Rhodum.
782 3316 965 3457 ffiriuatoa
982 3314 1034 3371 illa
1052 3316 1112 3371 ΔΡ

140 3402 265 3508 pequam
283 3385 386 3441 Aldus:
405 3403 548 3455 nunquam
566 3385 625 3441 ΛΡ
681 3391 716 3440 28
735 3403 782 3440 ma
823 3385 1006 3442 'cautissimi
1024 3387 1091 3454 AP,
1108 3403 1157 3444 eru.

49 3493 55 3503 .
160 3470 269 3522 ,asperus
