2422 3848
512 176 535 215 ο.
556 164 678 216 1s-1a.
1060 161 1104 227 33

90 326 196 386 deinde
220 326 392 405 recipiendo
414 329 446 387 in
469 329 631 408 civitatem,
655 329 716 405 qui
730 343 810 386 arma
825 335 875 387 aut
889 346 949 388 non
963 337 1105 408 ceperant

90 422 141 475 aut
168 414 367 494 deposuerant
397 417 557 496 maturius,
588 417 667 476 vires
694 414 823 476 resectae
852 423 935 497 sunt,
962 417 1104 498 Pompeio

91 503 230 582 Sullaque
254 511 284 564 et
306 503 398 564 Mario
421 503 564 565 fluentem
586 502 892 583 procumbentemque
916 522 981 565 rem
1003 507 1106 586 populi

89 591 215 652 Romani
237 591 473 653 restituentibus,

63 694 76 734 s
182 679 231 741 17.
272 680 371 741 Finito
395 700 430 740 ex
454 683 579 741 maxima
601 688 704 762 parte,
727 682 786 741 nisi
809 699 884 759 quae
907 681 1013 742 Nolani
1035 682 1135 744 bellit

90 769 247 829 manebant
261 769 418 850 reliquiae,
440 769 542 830 ltelico
565 768 652 849 bebo,
672 788 731 848 quo
746 770 867 848 quidem
881 770 1006 831 Romani
1019 772 1105 832 victis

90 857 274 935 adflictisque
297 859 355 935 ipsi
379 860 522 918 exarmati
544 875 633 935 quam
655 860 766 937 integri
788 861 936 919 universis
957 861 1106 921 civitatem

89 946 161 1005 dare
188 945 371 1026 maluerunt,
400 946 587 1007 consulatum
614 948 748 1006 inierunt
776 946 809 1016 Q.
833 946 992 1026 Pompeius
1020 959 1051 1009 et
1072 946 1105 1008 L.

90 1033 246 1094 Cornelius
275 1033 368 1114 Sulla,
397 1036 442 1094 vir
472 1036 524 1112 qui
555 1051 653 1112 neque
680 1035 717 1094 ad
748 1034 838 1094 linem
864 1037 1005 1096 victoriae
1034 1039 1105 1097 satis

49 1136 76 1174 10
89 1121 203 1182 laudari
235 1140 332 1200 neque
364 1129 433 1202 post
464 1125 616 1183 victoriam
650 1121 767 1183 abunde
799 1124 961 1202 vituperari
997 1131 1104 1202 potest.

88 1210 137 1270 hic
168 1219 255 1271 natus
282 1210 390 1271 familia
422 1210 527 1292 nobili,
559 1218 662 1271 sextus
689 1229 706 1270 a
736 1210 873 1271 Cornelio
901 1211 1022 1293 Rufino,
1054 1214 1135 1291 quia

88 1297 166 1358 bello
180 1298 287 1378 Pyrrhi
309 1301 388 1359 inter
404 1298 616 1360 celeberrimos
639 1300 737 1360 luerat
760 1299 864 1381 duces,
887 1318 956 1360 cum
978 1301 1104 1362 familiae

90 1389 154 1448 eius
169 1387 313 1448 claritudo
337 1390 507 1448 intermissa
521 1396 615 1468 esset,
638 1388 690 1448 diu
704 1390 746 1448 ita
760 1406 791 1448 se
815 1389 920 1469 gessit,
944 1397 977 1450 ut
995 1389 1105 1456 ncillam

89 1476 210 1554 petendi
232 1476 419 1537 consulatum
445 1478 653 1555 cogitationem
677 1475 787 1536 habere
801 1477 966 1537 videretur:
999 1477 1136 1538 deindes

50 1577 75 1616 1⁵
88 1571 157 1642 post
184 1572 355 1643 praeturam
382 1566 558 1626 inlustratus
585 1564 662 1625 bebo
690 1564 791 1624 italico
816 1572 845 1625 et
868 1573 945 1629 ante,
959 1567 990 1625 in
1015 1564 1105 1626 Gallia

89 1652 234 1730 legatione
263 1653 319 1713 sub
347 1653 453 1734 Mario,
470 1642 543 1733 '‘qua
572 1655 822 1712 eminentissimos
855 1653 946 1714 duces
973 1654 1106 1714 bostium

89 1741 219 1822 fuderat,
246 1760 283 1801 ex
311 1759 453 1803 successu
477 1743 607 1802 animum
631 1743 759 1820 sumpsit
781 1749 946 1820 petensque
971 1742 1105 1803 consula-

89 1837 154 1889 tum
175 1847 269 1908 paeue
293 1833 425 1890 omnium
448 1832 557 1891 civium
580 1830 728 1908 suffragiis
752 1829 847 1908 sactus
871 1837 929 1910 est3
961 1831 1012 1890 sed
1037 1849 1105 1892 eum

88 1918 234 1977 honorem
263 1918 590 1998 undequinquagesimo
622 1919 726 1979 aetatis
761 1936 831 1978 suae
869 1935 945 1978 anno
983 1919 1105 1979 adsecu-

50 2019 75 2058 νο
91 2015 139 2066 tus
163 2014 217 2066 est.

181 2091 230 2155 18.
271 2094 330 2154 Per
354 2113 388 2154 aa
415 2102 550 2174 tempora
572 2095 770 2175 Mithridaten
797 2094 940 2155 Ponticus
968 2113 1033 2174 rex,
1061 2099 1136 2155 virl

89 2201 186 2261 neque
211 2183 343 2243 silendus
366 2202 463 2262 neque
488 2183 631 2243 dicendus
651 2180 718 2242 'sine
733 2186 818 2262 cura,
841 2181 918 2243 bello
933 2187 1106 2264 acerrimus,

89 2273 198 2332 virtute
228 2273 367 2350 eximinS,
395 2271 551 2350 aliquando
579 2272 711 2352 fortuna,
744 2289 862 2349 semper
889 2273 987 2330 animo
1015 2274 1104 2332 maxi-

89 2377 169 2440 mus,
192 2360 324 2420 consiliis
347 2361 421 2441 dux,
444 2360 529 2420 miles
552 2379 655 2442 manu,
677 2360 744 2420 odio
768 2362 800 2419 in
823 2358 971 2418 Romanos
995 2359 1103 2420 Hanni-

50 2461 74 2500 25
88 2447 149 2529 bal,
180 2457 322 2527 occupata
345 2449 413 2509 Asia
440 2451 612 2528 necatisque
635 2451 666 2509 in
690 2467 724 2509 ea
747 2446 885 2508 omnibus
908 2447 1023 2508 civibus
1046 2448 1103 2508 llo·

89 2538 197 2617 manis,
225 2555 299 2615 quos
327 2537 449 2616 quidem
477 2538 579 2598 eadem
610 2537 657 2598 die
681 2545 769 2616 atque
793 2537 866 2596 bora
889 2536 1013 2597 redditis
1036 2540 1135 2597 civi-s

89 2624 199 2684 tatibus
229 2626 337 2686 litteris
364 2628 478 2704 ingenti
506 2645 574 2687 cum
601 2626 813 2705 pollicitatione
836 2627 1038 2704 praemiorum
1061 2628 1104 2686 in-

89 2715 188 2773 terimi
216 2716 358 2795 iusserat,
387 2732 446 2793 quo
478 2721 611 2793 tempore
639 2733 736 2793 neque
765 2714 939 2774 fortitudine
964 2716 1136 2775 adversuss

88 2800 288 2861 Mithridatem
312 2821 408 2880 neque
432 2803 489 2862 side
513 2805 544 2862 in
563 2801 711 2862 Romanos
736 2804 891 2880 quisquam
906 2801 1029 2863 Rhodiis
1052 2820 1106 2881 par

89 3008 189 3076 gerant
206 3009 292 3075 atque
310 3007 489 3077 appelleer
508 3007 604 3062 Orelli:
634 3007 764 3077 legerant
781 3007 857 3075 quod
876 3008 910 3076 (i)
930 3006 1107 3076 appellarent

90 3079 134 3143 M,
158 3077 312 3147 legeram.
339 3079 516 3147 appellarent
532 3080 572 3144 A,
595 3079 751 3147 legonaum.
776 3079 844 3145 (sine
872 3078 1059 3146 appellarent)
1080 3077 1108 3129 P

92 3146 236 3216 lltalieam
254 3151 294 3204 A:
314 3149 444 3203 Italicani
463 3149 497 3215 P,
516 3149 647 3204 Italicum
665 3150 699 3216 (i)
720 3149 758 3202 M

62 3261 67 3277 1
161 3225 177 3271 3
195 3234 255 3273 rem
272 3221 371 3291 populi
389 3220 421 3274 R.
436 3220 574 3274 Lacerant:
592 3236 652 3274 rem
670 3219 702 3272 P.
721 3219 753 3275 R.
769 3218 841 3285 MA3
861 3235 949 3288 remp.
965 3219 999 3285 P,
1018 3235 1105 3288 remp.

89 3307 116 3358 p.
136 3288 168 3342 R.
188 3288 321 3345 Helonius
393 3296 409 3345 b
428 3290 483 3345 nisi
500 3308 556 3359 qua
571 3289 691 3357 Vossius,
710 3307 737 3342 n.
756 3289 831 3357 quod
849 3289 965 3358 Is'psa'ns
1031 3296 1045 3344 'l
1064 3289 1105 3343 in·

89 3360 176 3430 tegris
196 3359 260 3427 ΑΡ,
279 3378 327 3416 em.
346 3363 481 3416 Heinsius
553 3367 569 3416 8
589 3361 621 3427 Q.
642 3361 719 3415 MA:
740 3359 787 3415 Cn.
807 3360 836 3414 P
908 3368 943 3415 11
960 3361 1119 3433 nobilium

144 3436 177 3485 16
196 3431 292 3501 legato
311 3449 346 3486 ne
365 3434 392 3486 A
408 3433 412 3505 Ι
428 3449 485 3502 qua
503 3432 647 3489 Geleniin:
665 3447 741 3502 quas
762 3431 816 3485 At?
892 3437 935 3484 ‘tu
947 3431 1099 3481 bukenem
1112 3422 1146 3468 lx

143 3522 239 3561 Velleius
252 3522 285 3564 ed,
299 3522 376 3566 Helm.
602 3561 613 3582 a
908 3523 932 3568 ‘b
