<?xml version="1.0" encoding="UTF-8"?>
<!DOCTYPE html PUBLIC "-//W3C//DTD XHTML 1.0 Transitional//EN"
    "http://www.w3.org/TR/xhtml1/DTD/xhtml1-transitional.dtd">
<html xmlns="http://www.w3.org/1999/xhtml" xml:lang="en" lang="en">
 <head>
  <title>
</title>
<meta http-equiv="Content-Type" content="text/html;charset=utf-8" />
  <meta name='ocr-system' content='tesseract 3.04.00' />
  <meta name='ocr-capabilities' content='ocr_page ocr_carea ocr_par ocr_line ocrx_word'/>
</head>
<body>
  <div class='ocr_page' id='page_1' title='image "./exhistoriaeroma00pategoog/exhistoriaeroma00pategoog_0062.png"; bbox 0 0 2422 3848; ppageno 0'>
   <div class='ocr_carea' id='block_1_1' title="bbox 477 152 1066 218">
    <p class='ocr_par' dir='ltr' id='par_1_1' title="bbox 477 152 1066 218">
     <span class='ocr_line' id='line_1_1' title="bbox 477 152 1066 218; baseline 0 -11"><span class='ocrx_word' id='word_1_1' title='bbox 477 169 499 208; x_wconf 89' lang='lat' dir='ltr'><strong>c.</strong></span> <span class='ocrx_word' id='word_1_2' title='bbox 519 158 643 208; x_wconf 80' lang='lat'><strong>35-37.</strong></span> <span class='ocrx_word' id='word_1_3' title='bbox 1025 152 1066 218; x_wconf 81' lang='lat'><strong>51</strong></span> 
     </span>
    </p>
   </div>
   <div class='ocr_carea' id='block_1_2' title="bbox 10 317 1144 2437">
    <p class='ocr_par' dir='ltr' id='par_1_2' title="bbox 51 317 1099 664">
     <span class='ocr_line' id='line_1_2' title="bbox 142 317 1099 386; baseline -0.001 -5"><span class='ocrx_word' id='word_1_4' title='bbox 142 317 193 381; x_wconf 82' lang='lat'><strong>36.</strong></span> <span class='ocrx_word' id='word_1_5' title='bbox 240 317 414 380; x_wconf 91' lang='lat' dir='ltr'><strong>Consulatui</strong></span> <span class='ocrx_word' id='word_1_6' title='bbox 438 317 590 380; x_wconf 83' lang='lat' dir='ltr'><strong>Ciceronis</strong></span> <span class='ocrx_word' id='word_1_7' title='bbox 618 337 679 379; x_wconf 91' lang='lat' dir='ltr'><strong>non</strong></span> <span class='ocrx_word' id='word_1_8' title='bbox 706 318 855 379; x_wconf 82' lang='lat' dir='ltr'><strong>mediocre</strong></span> <span class='ocrx_word' id='word_1_9' title='bbox 884 319 991 382; x_wconf 89' lang='lat' dir='ltr'><strong>adiecit</strong></span> <span class='ocrx_word' id='word_1_10' title='bbox 1018 320 1067 381; x_wconf 94' lang='lat' dir='ltr'><strong>de·</strong></span> <span class='ocrx_word' id='word_1_11' title='bbox 1076 332 1099 386; x_wconf 87' lang='grc'><strong>,1</strong></span> 
     </span>
     <span class='ocr_line' id='line_1_3' title="bbox 54 406 1067 486; baseline 0.002 -18"><span class='ocrx_word' id='word_1_12' title='bbox 54 427 107 469; x_wconf 91' lang='lat' dir='ltr'><strong>cus</strong></span> <span class='ocrx_word' id='word_1_13' title='bbox 135 417 222 470; x_wconf 91' lang='lat' dir='ltr'><strong>natus</strong></span> <span class='ocrx_word' id='word_1_14' title='bbox 255 426 290 468; x_wconf 95' lang='lat' dir='ltr'><strong>eo</strong></span> <span class='ocrx_word' id='word_1_15' title='bbox 318 425 395 468; x_wconf 90' lang='lat' dir='ltr'><strong>anno</strong></span> <span class='ocrx_word' id='word_1_16' title='bbox 424 408 509 469; x_wconf 89' lang='lat' dir='ltr'><strong>divus</strong></span> <span class='ocrx_word' id='word_1_17' title='bbox 536 407 688 486; x_wconf 79' lang='lat' dir='ltr'><strong>Arrgustus</strong></span> <span class='ocrx_word' id='word_1_18' title='bbox 722 406 828 467; x_wconf 78' lang='lat' dir='ltr'><strong>abhinc</strong></span> <span class='ocrx_word' id='word_1_19' title='bbox 857 425 950 469; x_wconf 91' lang='lat' dir='ltr'><strong>annos</strong></span> <span class='ocrx_word' id='word_1_20' title='bbox 977 426 1067 470; x_wconf 92' lang='lat' dir='ltr'><strong>nona-</strong></span> 
     </span>
     <span class='ocr_line' id='line_1_4' title="bbox 52 496 1081 580; baseline -0.003 -23"><span class='ocrx_word' id='word_1_21' title='bbox 52 499 146 580; x_wconf 85' lang='lat' dir='ltr'><strong>ginta,</strong></span> <span class='ocrx_word' id='word_1_22' title='bbox 179 496 317 559; x_wconf 82' lang='lat' dir='ltr'><strong>omnitus</strong></span> <span class='ocrx_word' id='word_1_23' title='bbox 349 499 483 558; x_wconf 83' lang='lat' dir='ltr'><strong>omnIum</strong></span> <span class='ocrx_word' id='word_1_24' title='bbox 514 497 648 576; x_wconf 86' lang='lat' dir='ltr'><strong>gentium</strong></span> <span class='ocrx_word' id='word_1_25' title='bbox 680 497 752 557; x_wconf 91' lang='lat' dir='ltr'><strong>viris</strong></span> <span class='ocrx_word' id='word_1_26' title='bbox 784 496 986 575; x_wconf 83' lang='lat' dir='ltr'><strong>magnitudine</strong></span> <span class='ocrx_word' id='word_1_27' title='bbox 1014 514 1081 559; x_wconf 79' lang='lat' dir='ltr'><strong>sua.</strong></span> 
     </span>
     <span class='ocr_line' id='line_1_5' title="bbox 51 585 1098 664; baseline 0 -18"><span class='ocrx_word' id='word_1_28' title='bbox 51 586 230 648; x_wconf 84' lang='lat' dir='ltr'><strong>inducturus</strong></span> <span class='ocrx_word' id='word_1_29' title='bbox 261 586 424 664; x_wconf 89' lang='lat' dir='ltr'><strong>caliginem.</strong></span> <span class='ocrx_word' id='word_1_30' title='bbox 475 588 542 647; x_wconf 84' lang='lat' dir='ltr'><strong>iam&#39;</strong></span> <span class='ocrx_word' id='word_1_31' title='bbox 563 603 657 664; x_wconf 85' lang='lat' dir='ltr'><strong>paene</strong></span> <span class='ocrx_word' id='word_1_32' title='bbox 690 602 943 664; x_wconf 89' lang='lat' dir='ltr'><strong>supervacaneum</strong></span> <span class='ocrx_word' id='word_1_33' title='bbox 974 585 1098 646; x_wconf 70' lang='lat' dir='ltr'><strong>viderit</strong></span> 
     </span>
    </p>

    <p class='ocr_par' dir='ltr' id='par_1_3' title="bbox 23 676 1144 1108">
     <span class='ocr_line' id='line_1_6' title="bbox 23 676 1070 754; baseline 0 -18"><span class='ocrx_word' id='word_1_34' title='bbox 23 688 38 726; x_wconf 75' lang='lat'>⁵</span> <span class='ocrx_word' id='word_1_35' title='bbox 50 683 150 754; x_wconf 90' lang='lat' dir='ltr'><strong>potest</strong></span> <span class='ocrx_word' id='word_1_36' title='bbox 174 676 368 736; x_wconf 90' lang='lat' dir='ltr'><strong>eminentium</strong></span> <span class='ocrx_word' id='word_1_37' title='bbox 390 676 584 754; x_wconf 86' lang='lat' dir='ltr'><strong>ingeniorum</strong></span> <span class='ocrx_word' id='word_1_38' title='bbox 599 683 703 736; x_wconf 90' lang='lat' dir='ltr'><strong>notare</strong></span> <span class='ocrx_word' id='word_1_39' title='bbox 726 682 870 753; x_wconf 89' lang='lat' dir='ltr'><strong>tempora.</strong></span> <span class='ocrx_word' id='word_1_40' title='bbox 903 676 970 753; x_wconf 93' lang='lat' dir='ltr'><strong>quis</strong></span> <span class='ocrx_word' id='word_1_41' title='bbox 989 677 1070 736; x_wconf 91' lang='lat' dir='ltr'><strong>enim</strong></span> 
     </span>
     <span class='ocr_line' id='line_1_7' title="bbox 50 762 1068 843; baseline 0 -19"><span class='ocrx_word' id='word_1_42' title='bbox 50 766 168 842; x_wconf 86' lang='lat' dir='ltr'><strong>ignorat</strong></span> <span class='ocrx_word' id='word_1_43' title='bbox 194 763 358 842; x_wconf 88' lang='lat' dir='ltr'><strong>diremptos</strong></span> <span class='ocrx_word' id='word_1_44' title='bbox 385 762 526 842; x_wconf 90' lang='lat' dir='ltr'><strong>gradibus</strong></span> <span class='ocrx_word' id='word_1_45' title='bbox 553 765 657 824; x_wconf 90' lang='lat' dir='ltr'><strong>aetatis</strong></span> <span class='ocrx_word' id='word_1_46' title='bbox 683 763 820 824; x_wconf 83' lang='lat' dir='ltr'><strong>lloruIsse</strong></span> <span class='ocrx_word' id='word_1_47' title='bbox 848 762 904 824; x_wconf 92' lang='lat' dir='ltr'><strong>hoc</strong></span> <span class='ocrx_word' id='word_1_48' title='bbox 932 771 1068 843; x_wconf 90' lang='lat' dir='ltr'><strong>tempore</strong></span> 
     </span>
     <span class='ocr_line' id='line_1_8' title="bbox 52 850 1067 933; baseline 0 -21"><span class='ocrx_word' id='word_1_49' title='bbox 52 851 240 933; x_wconf 83' lang='lat' dir='ltr'><strong>Ciceronem,</strong></span> <span class='ocrx_word' id='word_1_50' title='bbox 267 851 473 932; x_wconf 83' lang='lat' dir='ltr'><strong>Hortensium,</strong></span> <span class='ocrx_word' id='word_1_51' title='bbox 501 859 628 930; x_wconf 87' lang='lat' dir='ltr'><strong>anteque</strong></span> <span class='ocrx_word' id='word_1_52' title='bbox 661 851 813 933; x_wconf 85' lang='lat' dir='ltr'><strong>Crassum,</strong></span> <span class='ocrx_word' id='word_1_53' title='bbox 844 850 974 933; x_wconf 84' lang='lat' dir='ltr'><strong>Cottam,</strong></span> <span class='ocrx_word' id='word_1_54' title='bbox 1002 852 1067 913; x_wconf 88' lang='lat' dir='ltr'><strong>Sul-</strong></span> 
     </span>
     <span class='ocr_line' id='line_1_9' title="bbox 50 937 1144 1021; baseline -0.001 -21"><span class='ocrx_word' id='word_1_55' title='bbox 50 943 176 1021; x_wconf 90' lang='lat' dir='ltr'><strong>picium,</strong></span> <span class='ocrx_word' id='word_1_56' title='bbox 203 958 330 1018; x_wconf 83' lang='lat' dir='ltr'><strong>moxque</strong></span> <span class='ocrx_word' id='word_1_57' title='bbox 358 938 499 1020; x_wconf 90' lang='lat' dir='ltr'><strong>Brutum,</strong></span> <span class='ocrx_word' id='word_1_58' title='bbox 527 937 685 1020; x_wconf 89' lang='lat' dir='ltr'><strong>Calidium,</strong></span> <span class='ocrx_word' id='word_1_59' title='bbox 713 938 857 1021; x_wconf 89' lang='lat' dir='ltr'><strong>Caelium,</strong></span> <span class='ocrx_word' id='word_1_60' title='bbox 890 939 1010 1002; x_wconf 84' lang='lat' dir='ltr'><strong>Calvum</strong></span> <span class='ocrx_word' id='word_1_61' title='bbox 1038 949 1068 1003; x_wconf 89' lang='lat' dir='ltr'><strong>et</strong></span> <span class='ocrx_word' id='word_1_62' title='bbox 1139 992 1144 999; x_wconf 83' lang='grc'><em>.</em></span> 
     </span>
     <span class='ocr_line' id='line_1_10' title="bbox 50 1026 1068 1108; baseline 0 -20"><span class='ocrx_word' id='word_1_63' title='bbox 50 1031 220 1108; x_wconf 82' lang='lat' dir='ltr'><strong>proximum</strong></span> <span class='ocrx_word' id='word_1_64' title='bbox 253 1026 390 1089; x_wconf 88' lang='lat' dir='ltr'><strong>Ciceroni</strong></span> <span class='ocrx_word' id='word_1_65' title='bbox 423 1027 579 1088; x_wconf 87' lang='lat' dir='ltr'><strong>Caesarem</strong></span> <span class='ocrx_word' id='word_1_66' title='bbox 616 1045 779 1106; x_wconf 92' lang='lat' dir='ltr'><strong>eorumque</strong></span> <span class='ocrx_word' id='word_1_67' title='bbox 816 1028 898 1091; x_wconf 88' lang='lat' dir='ltr'><strong>velut</strong></span> <span class='ocrx_word' id='word_1_68' title='bbox 933 1029 1068 1090; x_wconf 90' lang='lat' dir='ltr'><strong>alumnos</strong></span> 
     </span>
    </p>

    <p class='ocr_par' dir='ltr' id='par_1_4' title="bbox 10 1115 1098 1552">
     <span class='ocr_line' id='line_1_11' title="bbox 10 1115 1068 1197; baseline 0 -20"><span class='ocrx_word' id='word_1_69' title='bbox 10 1131 36 1170; x_wconf 82' lang='grc' dir='ltr'><strong>ιο</strong></span> <span class='ocrx_word' id='word_1_70' title='bbox 52 1115 212 1178; x_wconf 89' lang='lat' dir='ltr'><strong>Corvinum</strong></span> <span class='ocrx_word' id='word_1_71' title='bbox 236 1134 269 1177; x_wconf 90' lang='lat' dir='ltr'><strong>ac</strong></span> <span class='ocrx_word' id='word_1_72' title='bbox 292 1115 456 1177; x_wconf 90' lang='lat' dir='ltr'><strong>Pollionem</strong></span> <span class='ocrx_word' id='word_1_73' title='bbox 478 1116 626 1197; x_wconf 77' lang='lat' dir='ltr'><strong>Asinium,</strong></span> <span class='ocrx_word' id='word_1_74' title='bbox 654 1116 862 1195; x_wconf 89' lang='lat' dir='ltr'><strong>aemulumque</strong></span> <span class='ocrx_word' id='word_1_75' title='bbox 886 1115 1068 1195; x_wconf 82' lang='lat' dir='ltr'><strong>Thucydidis</strong></span> 
     </span>
     <span class='ocr_line' id='line_1_12' title="bbox 52 1202 1068 1287; baseline 0.002 -23"><span class='ocrx_word' id='word_1_76' title='bbox 52 1204 237 1287; x_wconf 87' lang='lat' dir='ltr'><strong>Sallustium,</strong></span> <span class='ocrx_word' id='word_1_77' title='bbox 258 1212 455 1284; x_wconf 89' lang='lat' dir='ltr'><strong>auctoresque</strong></span> <span class='ocrx_word' id='word_1_78' title='bbox 476 1207 641 1265; x_wconf 88' lang='lat' dir='ltr'><strong>carminum</strong></span> <span class='ocrx_word' id='word_1_79' title='bbox 659 1204 821 1265; x_wconf 87' lang='lat' dir='ltr'><strong>Varronem</strong></span> <span class='ocrx_word' id='word_1_80' title='bbox 841 1223 875 1264; x_wconf 91' lang='lat' dir='ltr'><strong>ac</strong></span> <span class='ocrx_word' id='word_1_81' title='bbox 893 1202 1068 1266; x_wconf 86' lang='lat' dir='ltr'><strong>LucretIum</strong></span> 
     </span>
     <span class='ocr_line' id='line_1_13' title="bbox 49 1294 1067 1377; baseline 0.001 -24"><span class='ocrx_word' id='word_1_82' title='bbox 49 1311 147 1372; x_wconf 91' lang='lat' dir='ltr'><strong>neque</strong></span> <span class='ocrx_word' id='word_1_83' title='bbox 176 1294 236 1354; x_wconf 94' lang='lat' dir='ltr'><strong>ullo</strong></span> <span class='ocrx_word' id='word_1_84' title='bbox 264 1296 296 1354; x_wconf 94' lang='lat' dir='ltr'><strong>in</strong></span> <span class='ocrx_word' id='word_1_85' title='bbox 319 1301 459 1373; x_wconf 91' lang='lat' dir='ltr'><strong>suscepto</strong></span> <span class='ocrx_word' id='word_1_86' title='bbox 487 1295 628 1377; x_wconf 86' lang='lat' dir='ltr'><strong>carminis</strong></span> <span class='ocrx_word' id='word_1_87' title='bbox 656 1295 703 1353; x_wconf 92' lang='lat' dir='ltr'><strong>sui</strong></span> <span class='ocrx_word' id='word_1_88' title='bbox 726 1311 816 1372; x_wconf 87' lang='lat' dir='ltr'><strong>opere</strong></span> <span class='ocrx_word' id='word_1_89' title='bbox 844 1294 991 1354; x_wconf 92' lang='lat' dir='ltr'><strong>minorem</strong></span> <span class='ocrx_word' id='word_1_90' title='bbox 1015 1294 1067 1355; x_wconf 89' lang='lat' dir='ltr'><strong>Ca-</strong></span> 
     </span>
     <span class='ocr_line' id='line_1_14' title="bbox 49 1382 1098 1462; baseline 0.002 -19"><span class='ocrx_word' id='word_1_91' title='bbox 49 1382 164 1444; x_wconf 92' lang='lat' dir='ltr'><strong>tullum.</strong></span> <span class='ocrx_word' id='word_1_92' title='bbox 210 1400 304 1462; x_wconf 88' lang='lat' dir='ltr'><strong>paene</strong></span> <span class='ocrx_word' id='word_1_93' title='bbox 328 1383 418 1443; x_wconf 91' lang='lat' dir='ltr'><strong>stulta</strong></span> <span class='ocrx_word' id='word_1_94' title='bbox 445 1390 492 1443; x_wconf 88' lang='lat' dir='ltr'><strong>est</strong></span> <span class='ocrx_word' id='word_1_95' title='bbox 518 1382 739 1443; x_wconf 90' lang='lat' dir='ltr'><strong>inhaerentium</strong></span> <span class='ocrx_word' id='word_1_96' title='bbox 762 1382 857 1443; x_wconf 88' lang='lat' dir='ltr'><strong>ocuhs</strong></span> <span class='ocrx_word' id='word_1_97' title='bbox 879 1383 1098 1461; x_wconf 83' lang='lat' dir='ltr'><strong>ingeniorum3</strong></span> 
     </span>
     <span class='ocr_line' id='line_1_15' title="bbox 51 1472 1066 1552; baseline 0.002 -22"><span class='ocrx_word' id='word_1_98' title='bbox 51 1473 249 1552; x_wconf 89' lang='lat' dir='ltr'><strong>enumeratio,</strong></span> <span class='ocrx_word' id='word_1_99' title='bbox 274 1473 353 1531; x_wconf 87' lang='lat' dir='ltr'><strong>iuter</strong></span> <span class='ocrx_word' id='word_1_100' title='bbox 376 1489 452 1550; x_wconf 86' lang='lat' dir='ltr'><strong>quae</strong></span> <span class='ocrx_word' id='word_1_101' title='bbox 476 1473 601 1532; x_wconf 87' lang='lat' dir='ltr'><strong>maxime</strong></span> <span class='ocrx_word' id='word_1_102' title='bbox 625 1474 721 1531; x_wconf 90' lang='lat' dir='ltr'><strong>nostri</strong></span> <span class='ocrx_word' id='word_1_103' title='bbox 744 1473 808 1531; x_wconf 87' lang='lat' dir='ltr'><strong>aevi</strong></span> <span class='ocrx_word' id='word_1_104' title='bbox 832 1472 963 1531; x_wconf 88' lang='lat' dir='ltr'><strong>eminent</strong></span> <span class='ocrx_word' id='word_1_105' title='bbox 985 1475 1066 1550; x_wconf 90' lang='lat' dir='ltr'><strong>prin-</strong></span> 
     </span>
    </p>

    <p class='ocr_par' dir='ltr' id='par_1_5' title="bbox 10 1557 1068 1885">
     <span class='ocr_line' id='line_1_16' title="bbox 10 1557 1067 1639; baseline 0 -19"><span class='ocrx_word' id='word_1_106' title='bbox 10 1572 34 1612; x_wconf 80' lang='lat'><strong>15</strong></span> <span class='ocrx_word' id='word_1_107' title='bbox 51 1578 121 1639; x_wconf 87' lang='lat' dir='ltr'><strong>ceps</strong></span> <span class='ocrx_word' id='word_1_108' title='bbox 150 1562 315 1620; x_wconf 89' lang='lat' dir='ltr'><strong>carminum</strong></span> <span class='ocrx_word' id='word_1_109' title='bbox 337 1557 484 1638; x_wconf 88' lang='lat' dir='ltr'><strong>Vergilius</strong></span> <span class='ocrx_word' id='word_1_110' title='bbox 512 1559 710 1638; x_wconf 88' lang='lat' dir='ltr'><strong>Rabiriusque</strong></span> <span class='ocrx_word' id='word_1_111' title='bbox 739 1567 770 1620; x_wconf 91' lang='lat' dir='ltr'><strong>et</strong></span> <span class='ocrx_word' id='word_1_112' title='bbox 797 1566 976 1620; x_wconf 89' lang='lat' dir='ltr'><strong>consecutus</strong></span> <span class='ocrx_word' id='word_1_113' title='bbox 1006 1560 1067 1620; x_wconf 88' lang='lat' dir='ltr'><strong>Sal-</strong></span> 
     </span>
     <span class='ocr_line' id='line_1_17' title="bbox 48 1646 1068 1728; baseline 0 -20"><span class='ocrx_word' id='word_1_114' title='bbox 48 1647 171 1708; x_wconf 90' lang='lat' dir='ltr'><strong>lustium</strong></span> <span class='ocrx_word' id='word_1_115' title='bbox 189 1646 291 1708; x_wconf 91' lang='lat' dir='ltr'><strong>Livius</strong></span> <span class='ocrx_word' id='word_1_116' title='bbox 309 1646 505 1726; x_wconf 83' lang='lat' dir='ltr'><strong>Tibullusque</strong></span> <span class='ocrx_word' id='word_1_117' title='bbox 530 1656 560 1709; x_wconf 95' lang='lat' dir='ltr'><strong>et</strong></span> <span class='ocrx_word' id='word_1_118' title='bbox 578 1647 670 1728; x_wconf 91' lang='lat' dir='ltr'><strong>Naso,</strong></span> <span class='ocrx_word' id='word_1_119' title='bbox 692 1649 904 1726; x_wconf 90' lang='lat' dir='ltr'><strong>perfectissimi</strong></span> <span class='ocrx_word' id='word_1_120' title='bbox 921 1650 954 1707; x_wconf 92' lang='lat' dir='ltr'><strong>in</strong></span> <span class='ocrx_word' id='word_1_121' title='bbox 972 1648 1068 1709; x_wconf 90' lang='lat' dir='ltr'><strong>forma</strong></span> 
     </span>
     <span class='ocr_line' id='line_1_18' title="bbox 49 1735 1067 1816; baseline 0.001 -20"><span class='ocrx_word' id='word_1_122' title='bbox 49 1739 149 1815; x_wconf 89' lang='lat' dir='ltr'><strong>operis</strong></span> <span class='ocrx_word' id='word_1_123' title='bbox 172 1739 232 1816; x_wconf 82' lang='lat' dir='ltr'><strong>sui3</strong></span> <span class='ocrx_word' id='word_1_124' title='bbox 256 1754 325 1796; x_wconf 89' lang='lat' dir='ltr'><strong>nam</strong></span> <span class='ocrx_word' id='word_1_125' title='bbox 347 1738 480 1797; x_wconf 86' lang='lat' dir='ltr'><strong>vivorum</strong></span> <span class='ocrx_word' id='word_1_126' title='bbox 505 1743 539 1796; x_wconf 93' lang='lat' dir='ltr'><strong>ut</strong></span> <span class='ocrx_word' id='word_1_127' title='bbox 563 1753 667 1814; x_wconf 88' lang='lat' dir='ltr'><strong>magna</strong></span> <span class='ocrx_word' id='word_1_128' title='bbox 686 1735 854 1816; x_wconf 86' lang='lat' dir='ltr'><strong>admiratio,</strong></span> <span class='ocrx_word' id='word_1_129' title='bbox 877 1737 917 1795; x_wconf 90' lang='lat' dir='ltr'><strong>ita</strong></span> <span class='ocrx_word' id='word_1_130' title='bbox 941 1754 1067 1797; x_wconf 88' lang='lat' dir='ltr'><strong>censura</strong></span> 
     </span>
     <span class='ocr_line' id='line_1_19' title="bbox 49 1824 256 1885; baseline 0 -1"><span class='ocrx_word' id='word_1_131' title='bbox 49 1824 178 1884; x_wconf 83' lang='lat' dir='ltr'><strong>dilliciIis</strong></span> <span class='ocrx_word' id='word_1_132' title='bbox 202 1833 256 1885; x_wconf 87' lang='lat' dir='ltr'><strong>est.</strong></span> 
     </span>
    </p>

    <p class='ocr_par' dir='ltr' id='par_1_6' title="bbox 138 1910 1096 1994">
     <span class='ocr_line' id='line_1_20' title="bbox 138 1910 1096 1994; baseline 0.003 -21"><span class='ocrx_word' id='word_1_133' title='bbox 138 1910 190 1973; x_wconf 82' lang='lat'><strong>37.</strong></span> <span class='ocrx_word' id='word_1_134' title='bbox 245 1911 321 1972; x_wconf 85' lang='lat' dir='ltr'><strong>Ilum</strong></span> <span class='ocrx_word' id='word_1_135' title='bbox 354 1911 427 1972; x_wconf 88' lang='lat' dir='ltr'><strong>haec</strong></span> <span class='ocrx_word' id='word_1_136' title='bbox 463 1914 495 1972; x_wconf 94' lang='lat' dir='ltr'><strong>in</strong></span> <span class='ocrx_word' id='word_1_137' title='bbox 531 1912 606 1973; x_wconf 87' lang='lat' dir='ltr'><strong>urhe</strong></span> <span class='ocrx_word' id='word_1_138' title='bbox 638 1913 780 1991; x_wconf 89' lang='lat' dir='ltr'><strong>Italiaque</strong></span> <span class='ocrx_word' id='word_1_139' title='bbox 817 1920 976 1994; x_wconf 89' lang='lat' dir='ltr'><strong>geruntur,</strong></span> <span class='ocrx_word' id='word_1_140' title='bbox 1014 1913 1096 1977; x_wconf 89' lang='lat' dir='ltr'><strong>Cn.1</strong></span> 
     </span>
    </p>

    <p class='ocr_par' dir='ltr' id='par_1_7' title="bbox 10 1999 1096 2437">
     <span class='ocr_line' id='line_1_21' title="bbox 10 1999 1067 2082; baseline 0.002 -21"><span class='ocrx_word' id='word_1_141' title='bbox 10 2016 31 2054; x_wconf 78' lang='lat' dir='ltr'><strong>n</strong></span> <span class='ocrx_word' id='word_1_142' title='bbox 46 1999 208 2080; x_wconf 87' lang='lat' dir='ltr'><strong>Pompeius</strong></span> <span class='ocrx_word' id='word_1_143' title='bbox 245 1999 435 2061; x_wconf 85' lang='lat' dir='ltr'><strong>memorabile</strong></span> <span class='ocrx_word' id='word_1_144' title='bbox 478 1999 619 2061; x_wconf 87' lang='lat' dir='ltr'><strong>adversus</strong></span> <span class='ocrx_word' id='word_1_145' title='bbox 654 2001 859 2080; x_wconf 90' lang='lat' dir='ltr'><strong>Mithridaten,</strong></span> <span class='ocrx_word' id='word_1_146' title='bbox 907 2003 958 2079; x_wconf 93' lang='lat' dir='ltr'><strong>qui</strong></span> <span class='ocrx_word' id='word_1_147' title='bbox 998 2011 1067 2082; x_wconf 89' lang='lat' dir='ltr'><strong>post</strong></span> 
     </span>
     <span class='ocr_line' id='line_1_22' title="bbox 47 2088 1065 2169; baseline 0.001 -19"><span class='ocrx_word' id='word_1_148' title='bbox 47 2088 165 2150; x_wconf 90' lang='lat' dir='ltr'><strong>Luculli</strong></span> <span class='ocrx_word' id='word_1_149' title='bbox 192 2089 408 2168; x_wconf 84' lang='lat' dir='ltr'><strong>prosectionem</strong></span> <span class='ocrx_word' id='word_1_150' title='bbox 437 2106 557 2168; x_wconf 90' lang='lat' dir='ltr'><strong>magnas</strong></span> <span class='ocrx_word' id='word_1_151' title='bbox 584 2091 653 2150; x_wconf 87' lang='lat' dir='ltr'><strong>novi</strong></span> <span class='ocrx_word' id='word_1_152' title='bbox 681 2091 830 2150; x_wconf 88' lang='lat' dir='ltr'><strong>exercitus</strong></span> <span class='ocrx_word' id='word_1_153' title='bbox 853 2091 924 2149; x_wconf 88' lang='lat' dir='ltr'><strong>viris</strong></span> <span class='ocrx_word' id='word_1_154' title='bbox 948 2108 1065 2169; x_wconf 90' lang='lat' dir='ltr'><strong>repara-</strong></span> 
     </span>
     <span class='ocr_line' id='line_1_23' title="bbox 46 2176 1096 2259; baseline 0.005 -22"><span class='ocrx_word' id='word_1_155' title='bbox 46 2185 143 2259; x_wconf 87' lang='lat' dir='ltr'><strong>verat,</strong></span> <span class='ocrx_word' id='word_1_156' title='bbox 166 2176 277 2238; x_wconf 90' lang='lat' dir='ltr'><strong>hellum</strong></span> <span class='ocrx_word' id='word_1_157' title='bbox 301 2179 402 2256; x_wconf 89' lang='lat' dir='ltr'><strong>gessit.</strong></span> <span class='ocrx_word' id='word_1_158' title='bbox 439 2185 469 2238; x_wconf 89' lang='lat' dir='ltr'><strong>at</strong></span> <span class='ocrx_word' id='word_1_159' title='bbox 491 2195 544 2237; x_wconf 84' lang='lat' dir='ltr'><strong>rex</strong></span> <span class='ocrx_word' id='word_1_160' title='bbox 568 2178 653 2238; x_wconf 88' lang='lat' dir='ltr'><strong>lusus</strong></span> <span class='ocrx_word' id='word_1_161' title='bbox 673 2178 850 2256; x_wconf 80' lang='lat' dir='ltr'><strong>fugatusque</strong></span> <span class='ocrx_word' id='word_1_162' title='bbox 875 2186 905 2237; x_wconf 88' lang='lat' dir='ltr'><strong>et</strong></span> <span class='ocrx_word' id='word_1_163' title='bbox 928 2178 1096 2244; x_wconf 76' lang='lat' dir='ltr'><strong>omnihusn</strong></span> 
     </span>
     <span class='ocr_line' id='line_1_24' title="bbox 47 2265 1066 2348; baseline 0.002 -22"><span class='ocrx_word' id='word_1_164' title='bbox 47 2274 155 2327; x_wconf 84' lang='lat' dir='ltr'><strong>exutus</strong></span> <span class='ocrx_word' id='word_1_165' title='bbox 170 2268 268 2345; x_wconf 85' lang='lat' dir='ltr'><strong>¹copiis</strong></span> <span class='ocrx_word' id='word_1_166' title='bbox 286 2265 456 2326; x_wconf 76' lang='lat' dir='ltr'><strong>Armeniam</strong></span> <span class='ocrx_word' id='word_1_167' title='bbox 470 2265 688 2345; x_wconf 83' lang='lat' dir='ltr'><strong>Tigranemque</strong></span> <span class='ocrx_word' id='word_1_168' title='bbox 708 2283 794 2326; x_wconf 88' lang='lat' dir='ltr'><strong>socer</strong></span> <span class='ocrx_word' id='word_1_169' title='bbox 813 2283 957 2344; x_wconf 87' lang='lat' dir='ltr'><strong>generum</strong></span> <span class='ocrx_word' id='word_1_170' title='bbox 971 2269 1066 2348; x_wconf 91' lang='lat' dir='ltr'><strong>petiit,</strong></span> 
     </span>
     <span class='ocr_line' id='line_1_25' title="bbox 46 2353 1066 2437; baseline -0.001 -22"><span class='ocrx_word' id='word_1_171' title='bbox 46 2372 149 2433; x_wconf 87' lang='lat' dir='ltr'><strong>regem</strong></span> <span class='ocrx_word' id='word_1_172' title='bbox 168 2356 233 2415; x_wconf 91' lang='lat' dir='ltr'><strong>eius</strong></span> <span class='ocrx_word' id='word_1_173' title='bbox 252 2357 409 2435; x_wconf 88' lang='lat' dir='ltr'><strong>temporis,</strong></span> <span class='ocrx_word' id='word_1_174' title='bbox 433 2356 491 2414; x_wconf 93' lang='lat' dir='ltr'><strong>nisi</strong></span> <span class='ocrx_word' id='word_1_175' title='bbox 509 2372 567 2432; x_wconf 93' lang='lat' dir='ltr'><strong>qua</strong></span> <span class='ocrx_word' id='word_1_176' title='bbox 585 2353 701 2415; x_wconf 90' lang='lat' dir='ltr'><strong>Luculli</strong></span> <span class='ocrx_word' id='word_1_177' title='bbox 721 2356 811 2414; x_wconf 90' lang='lat' dir='ltr'><strong>armis</strong></span> <span class='ocrx_word' id='word_1_178' title='bbox 830 2361 894 2414; x_wconf 91' lang='lat' dir='ltr'><strong>erat</strong></span> <span class='ocrx_word' id='word_1_179' title='bbox 912 2355 1066 2437; x_wconf 87' lang='lat' dir='ltr'><strong>iufractus,</strong></span> 
     </span>
    </p>
   </div>
   <div class='ocr_carea' id='block_1_3' title="bbox 42 2506 1146 3356">
    <p class='ocr_par' dir='ltr' id='par_1_8' title="bbox 42 2506 1146 3356">
     <span class='ocr_line' id='line_1_26' title="bbox 46 2506 1066 2578; baseline 0.001 -18"><span class='ocrx_word' id='word_1_180' title='bbox 46 2507 185 2577; x_wconf 84' lang='lat' dir='ltr'><strong>supplicio</strong></span> <span class='ocrx_word' id='word_1_181' title='bbox 211 2507 237 2562; x_wconf 88' lang='lat' dir='ltr'><strong>d.</strong></span> <span class='ocrx_word' id='word_1_182' title='bbox 257 2506 395 2576; x_wconf 76' lang='lat' dir='ltr'><strong>supplicIo</strong></span> <span class='ocrx_word' id='word_1_183' title='bbox 416 2507 455 2575; x_wconf 91' lang='lat' dir='ltr'><strong>P,</strong></span> <span class='ocrx_word' id='word_1_184' title='bbox 479 2507 541 2561; x_wconf 90' lang='lat' dir='ltr'><strong>deb.</strong></span> <span class='ocrx_word' id='word_1_185' title='bbox 564 2507 702 2578; x_wconf 85' lang='lat' dir='ltr'><strong>supplicio</strong></span> <span class='ocrx_word' id='word_1_186' title='bbox 723 2507 765 2573; x_wconf 81' lang='lat' dir='ltr'><strong>A,</strong></span> <span class='ocrx_word' id='word_1_187' title='bbox 790 2525 821 2560; x_wconf 89' lang='lat' dir='ltr'><strong>su</strong></span> <span class='ocrx_word' id='word_1_188' title='bbox 841 2506 928 2575; x_wconf 85' lang='lat' dir='ltr'><strong>plici0</strong></span> <span class='ocrx_word' id='word_1_189' title='bbox 951 2507 1014 2562; x_wconf 88' lang='lat' dir='ltr'><strong>deb.</strong></span> <span class='ocrx_word' id='word_1_190' title='bbox 1037 2508 1066 2561; x_wconf 83' lang='lat' dir='ltr'><strong><em>A</em></strong></span> 
     </span>
     <span class='ocr_line' id='line_1_27' title="bbox 46 2577 997 2646; baseline 0 -14"><span class='ocrx_word' id='word_1_191' title='bbox 46 2594 115 2632; x_wconf 80' lang='lat' dir='ltr'><strong>corr.</strong></span> <span class='ocrx_word' id='word_1_192' title='bbox 189 2577 352 2632; x_wconf 78' lang='lat' dir='ltr'>2LXXXX</span> <span class='ocrx_word' id='word_1_193' title='bbox 370 2578 468 2632; x_wconf 77' lang='lat' dir='ltr'><strong>Kritz:</strong></span> <span class='ocrx_word' id='word_1_194' title='bbox 486 2577 623 2632; x_wconf 85' lang='lat' dir='ltr'>LXXXII.</span> <span class='ocrx_word' id='word_1_195' title='bbox 642 2579 712 2646; x_wconf 78' lang='grc' dir='ltr'><strong>ΑΡ,</strong></span> <span class='ocrx_word' id='word_1_196' title='bbox 730 2578 781 2632; x_wconf 84' lang='lat' dir='ltr'><strong>LX</strong></span> <span class='ocrx_word' id='word_1_197' title='bbox 834 2577 887 2631; x_wconf 88' lang='lat' dir='ltr'><strong>XII</strong></span> <span class='ocrx_word' id='word_1_198' title='bbox 905 2579 997 2632; x_wconf 82' lang='lat' dir='ltr'><strong>Aldus</strong></span> 
     </span>
     <span class='ocr_line' id='line_1_28' title="bbox 47 2648 1064 2719; baseline 0.001 -16"><span class='ocrx_word' id='word_1_199' title='bbox 47 2655 63 2703; x_wconf 86' lang='lat'><strong>6</strong></span> <span class='ocrx_word' id='word_1_200' title='bbox 82 2649 206 2719; x_wconf 85' lang='lat' dir='ltr'><strong>direptos</strong></span> <span class='ocrx_word' id='word_1_201' title='bbox 226 2650 264 2703; x_wconf 83' lang='lat' dir='ltr'><strong><em>M</em></strong></span> <span class='ocrx_word' id='word_1_202' title='bbox 317 2654 331 2702; x_wconf 79' lang='lat'>7</span> <span class='ocrx_word' id='word_1_203' title='bbox 351 2649 473 2717; x_wconf 84' lang='lat' dir='ltr'><strong>anteque</strong></span> <span class='ocrx_word' id='word_1_204' title='bbox 491 2649 530 2703; x_wconf 86' lang='lat' dir='ltr'><strong>eoi.</strong></span> <span class='ocrx_word' id='word_1_205' title='bbox 549 2649 677 2718; x_wconf 78' lang='lat' dir='ltr'><strong>Bo&#39;pout.:</strong></span> <span class='ocrx_word' id='word_1_206' title='bbox 697 2665 819 2718; x_wconf 83' lang='lat' dir='ltr'><strong>saneque</strong></span> <span class='ocrx_word' id='word_1_207' title='bbox 836 2648 906 2717; x_wconf 82' lang='grc' dir='ltr'><strong>ΑΡ,</strong></span> <span class='ocrx_word' id='word_1_208' title='bbox 926 2650 1064 2718; x_wconf 73' lang='lat' dir='ltr'><strong>euntesque</strong></span> 
     </span>
     <span class='ocr_line' id='line_1_29' title="bbox 45 2719 1065 2788; baseline 0.002 -16"><span class='ocrx_word' id='word_1_209' title='bbox 45 2719 193 2785; x_wconf 80' lang='lat' dir='ltr'><strong>Heinsius,</strong></span> <span class='ocrx_word' id='word_1_210' title='bbox 211 2719 366 2774; x_wconf 83' lang='lat' dir='ltr'><strong>Antonium</strong></span> <span class='ocrx_word' id='word_1_211' title='bbox 384 2719 489 2786; x_wconf 80' lang='lat' dir='ltr'><strong>Aldus,</strong></span> <span class='ocrx_word' id='word_1_212' title='bbox 508 2721 628 2788; x_wconf 81' lang='lat' dir='ltr'><strong>anteque</strong></span> <span class='ocrx_word' id='word_1_213' title='bbox 646 2721 803 2776; x_wconf 83' lang='lat' dir='ltr'><strong>Antonium</strong></span> <span class='ocrx_word' id='word_1_214' title='bbox 818 2721 915 2775; x_wconf 83' lang='lat' dir='ltr'><strong>Haase</strong></span> <span class='ocrx_word' id='word_1_215' title='bbox 931 2720 935 2788; x_wconf 91' lang='grc' dir='ltr'>Ι</span> <span class='ocrx_word' id='word_1_216' title='bbox 952 2719 1065 2775; x_wconf 79' lang='lat' dir='ltr'><strong>Cottam</strong></span> 
     </span>
     <span class='ocr_line' id='line_1_30' title="bbox 45 2789 1064 2861; baseline 0.001 -18"><span class='ocrx_word' id='word_1_217' title='bbox 45 2790 149 2845; x_wconf 79' lang='lat' dir='ltr'><strong>Aldus:</strong></span> <span class='ocrx_word' id='word_1_218' title='bbox 170 2789 307 2861; x_wconf 84' lang='lat' dir='ltr'><strong>Catonem</strong></span> <span class='ocrx_word' id='word_1_219' title='bbox 323 2790 381 2843; x_wconf 79' lang='grc' dir='ltr'><strong>ΑΡ</strong></span> <span class='ocrx_word' id='word_1_220' title='bbox 468 2796 500 2844; x_wconf 92' lang='grc'><strong>11</strong></span> <span class='ocrx_word' id='word_1_221' title='bbox 520 2789 674 2845; x_wconf 84' lang='lat' dir='ltr'><strong>Salustium</strong></span> <span class='ocrx_word' id='word_1_222' title='bbox 692 2792 762 2858; x_wconf 83' lang='lat' dir='ltr'><strong>AP,</strong></span> <span class='ocrx_word' id='word_1_223' title='bbox 785 2793 832 2846; x_wconf 83' lang='lat' dir='ltr'><strong>sed</strong></span> <span class='ocrx_word' id='word_1_224' title='bbox 849 2809 874 2846; x_wconf 84' lang='lat' dir='ltr'><strong>u.</strong></span> <span class='ocrx_word' id='word_1_225' title='bbox 896 2797 930 2853; x_wconf 74' lang='lat' dir='ltr'><strong>ld</strong></span> <span class='ocrx_word' id='word_1_226' title='bbox 947 2791 975 2844; x_wconf 80' lang='lat' dir='ltr'><strong><em>A</em></strong></span> <span class='ocrx_word' id='word_1_227' title='bbox 996 2791 1064 2845; x_wconf 79' lang='lat' dir='ltr'><strong>Sall.</strong></span> 
     </span>
     <span class='ocr_line' id='line_1_31' title="bbox 118 2860 1066 2932; baseline 0 -18"><span class='ocrx_word' id='word_1_228' title='bbox 118 2867 151 2914; x_wconf 90' lang='grc'><strong>12</strong></span> <span class='ocrx_word' id='word_1_229' title='bbox 170 2860 221 2914; x_wconf 84' lang='lat' dir='ltr'><strong>*in</strong></span> <span class='ocrx_word' id='word_1_230' title='bbox 240 2862 370 2930; x_wconf 83' lang='lat' dir='ltr'><strong>suscepto</strong></span> <span class='ocrx_word' id='word_1_231' title='bbox 389 2860 520 2915; x_wconf 80' lang='lat' dir='ltr'><strong>carminis</strong></span> <span class='ocrx_word' id='word_1_232' title='bbox 540 2861 582 2916; x_wconf 89' lang='lat' dir='ltr'><strong>sui</strong></span> <span class='ocrx_word' id='word_1_233' title='bbox 601 2878 698 2932; x_wconf 84' lang='lat' dir='ltr'><strong>opere:</strong></span> <span class='ocrx_word' id='word_1_234' title='bbox 719 2862 749 2916; x_wconf 89' lang='lat' dir='ltr'><strong>in</strong></span> <span class='ocrx_word' id='word_1_235' title='bbox 768 2862 892 2932; x_wconf 85' lang='lat' dir='ltr'><strong>suspecti</strong></span> <span class='ocrx_word' id='word_1_236' title='bbox 910 2861 1002 2931; x_wconf 86' lang='lat' dir='ltr'><strong>operis</strong></span> <span class='ocrx_word' id='word_1_237' title='bbox 1022 2861 1066 2915; x_wconf 88' lang='lat' dir='ltr'><strong>sui</strong></span> 
     </span>
     <span class='ocr_line' id='line_1_32' title="bbox 46 2931 1146 3001; baseline -0.001 -16"><span class='ocrx_word' id='word_1_238' title='bbox 46 2932 169 2986; x_wconf 81' lang='lat' dir='ltr'><strong>carmine</strong></span> <span class='ocrx_word' id='word_1_239' title='bbox 188 2931 257 2998; x_wconf 82' lang='grc' dir='ltr'><strong>ΑΡ,</strong></span> <span class='ocrx_word' id='word_1_240' title='bbox 280 2932 310 2985; x_wconf 89' lang='lat' dir='ltr'><strong>in</strong></span> <span class='ocrx_word' id='word_1_241' title='bbox 329 2933 453 3001; x_wconf 85' lang='lat' dir='ltr'><strong>suscepti</strong></span> <span class='ocrx_word' id='word_1_242' title='bbox 471 2931 563 3001; x_wconf 84' lang='lat' dir='ltr'><strong>operis</strong></span> <span class='ocrx_word' id='word_1_243' title='bbox 581 2931 672 2987; x_wconf 82' lang='lat' dir='ltr'><strong>forma</strong></span> <span class='ocrx_word' id='word_1_244' title='bbox 690 2932 814 3000; x_wconf 66' lang='lat' dir='ltr'><strong>Rutulo„</strong></span> <span class='ocrx_word' id='word_1_245' title='bbox 840 2935 959 2987; x_wconf 79' lang='lat' dir='ltr'><strong>aliorum</strong></span> <span class='ocrx_word' id='word_1_246' title='bbox 976 2937 1065 2985; x_wconf 79' lang='lat' dir='ltr'><strong>teuto·</strong></span> <span class='ocrx_word' id='word_1_247' title='bbox 1140 2959 1146 2968; x_wconf 94' lang='lat'><strong>·</strong></span> 
     </span>
     <span class='ocr_line' id='line_1_33' title="bbox 43 3001 1064 3072; baseline -0.001 -16"><span class='ocrx_word' id='word_1_248' title='bbox 43 3004 122 3056; x_wconf 82' lang='lat' dir='ltr'><strong>minu</strong></span> <span class='ocrx_word' id='word_1_249' title='bbox 140 3004 173 3058; x_wconf 85' lang='lat' dir='ltr'><strong>de</strong></span> <span class='ocrx_word' id='word_1_250' title='bbox 191 3004 248 3057; x_wconf 87' lang='lat' dir='ltr'><strong>loco</strong></span> <span class='ocrx_word' id='word_1_251' title='bbox 266 3003 322 3069; x_wconf 78' lang='lat' dir='ltr'><strong>(ere</strong></span> <span class='ocrx_word' id='word_1_252' title='bbox 340 3002 480 3070; x_wconf 81' lang='lat' dir='ltr'><strong>desperato</strong></span> <span class='ocrx_word' id='word_1_253' title='bbox 498 3020 522 3057; x_wconf 84' lang='lat' dir='ltr'><strong>u</strong></span> <span class='ocrx_word' id='word_1_254' title='bbox 542 3005 619 3072; x_wconf 75' lang='lat' dir='ltr'><strong>opud</strong></span> <span class='ocrx_word' id='word_1_255' title='bbox 637 3005 728 3058; x_wconf 71' lang='lat' dir='ltr'><strong>Kritz.</strong></span> <span class='ocrx_word' id='word_1_256' title='bbox 745 3005 749 3072; x_wconf 89' lang='grc' dir='ltr'>Ι</span> <span class='ocrx_word' id='word_1_257' title='bbox 767 3003 909 3058; x_wconf 78' lang='lat' dir='ltr'><strong>Catullum</strong></span> <span class='ocrx_word' id='word_1_258' title='bbox 922 3003 962 3056; x_wconf 83' lang='lat' dir='ltr'><strong>A:</strong></span> <span class='ocrx_word' id='word_1_259' title='bbox 982 3001 1064 3056; x_wconf 79' lang='lat' dir='ltr'><strong>Catu:</strong></span> 
     </span>
     <span class='ocr_line' id='line_1_34' title="bbox 43 3072 1065 3143; baseline 0.001 -17"><span class='ocrx_word' id='word_1_260' title='bbox 43 3073 103 3126; x_wconf 89' lang='lat' dir='ltr'><strong>lum</strong></span> <span class='ocrx_word' id='word_1_261' title='bbox 120 3074 148 3127; x_wconf 93' lang='lat' dir='ltr'><em>P</em></span> <span class='ocrx_word' id='word_1_262' title='bbox 202 3079 236 3128; x_wconf 88' lang='lat'><strong>14</strong></span> <span class='ocrx_word' id='word_1_263' title='bbox 249 3073 380 3143; x_wconf 84' lang='lat' dir='ltr'><strong>princeps</strong></span> <span class='ocrx_word' id='word_1_264' title='bbox 395 3074 473 3127; x_wconf 85' lang='lat' dir='ltr'><strong>MA:</strong></span> <span class='ocrx_word' id='word_1_265' title='bbox 492 3073 632 3143; x_wconf 85' lang='lat' dir='ltr'><strong>principes</strong></span> <span class='ocrx_word' id='word_1_266' title='bbox 648 3075 676 3128; x_wconf 91' lang='lat' dir='ltr'><em>P</em></span> <span class='ocrx_word' id='word_1_267' title='bbox 730 3080 763 3130; x_wconf 79' lang='lat'><strong>15</strong></span> <span class='ocrx_word' id='word_1_268' title='bbox 778 3073 967 3140; x_wconf 82' lang='lat' dir='ltr'><strong>Horatiusque</strong></span> <span class='ocrx_word' id='word_1_269' title='bbox 984 3072 1065 3127; x_wconf 83' lang='lat' dir='ltr'><strong>Peri-</strong></span> 
     </span>
     <span class='ocr_line' id='line_1_35' title="bbox 43 3143 1064 3214; baseline -0.001 -16"><span class='ocrx_word' id='word_1_270' title='bbox 43 3145 142 3199; x_wconf 78' lang='lat' dir='ltr'><strong>souo&#39;us</strong></span> <span class='ocrx_word' id='word_1_271' title='bbox 197 3151 230 3199; x_wconf 86' lang='grc'><strong>16</strong></span> <span class='ocrx_word' id='word_1_272' title='bbox 248 3143 452 3213; x_wconf 85' lang='lat' dir='ltr'><strong>perfectissime</strong></span> <span class='ocrx_word' id='word_1_273' title='bbox 467 3145 525 3198; x_wconf 79' lang='grc' dir='ltr'><strong>ΑΡ</strong></span> <span class='ocrx_word' id='word_1_274' title='bbox 578 3150 611 3198; x_wconf 84' lang='grc'><strong>19</strong></span> <span class='ocrx_word' id='word_1_275' title='bbox 631 3162 691 3214; x_wconf 79' lang='lat' dir='ltr'><strong>cup.</strong></span> <span class='ocrx_word' id='word_1_276' title='bbox 706 3151 740 3199; x_wconf 79' lang='lat'><strong>3⁷</strong></span> <span class='ocrx_word' id='word_1_277' title='bbox 760 3145 857 3199; x_wconf 81' lang='lat' dir='ltr'><strong>Haase</strong></span> <span class='ocrx_word' id='word_1_278' title='bbox 870 3149 936 3213; x_wconf 75' lang='lat' dir='ltr'><strong>post</strong></span> <span class='ocrx_word' id='word_1_279' title='bbox 954 3159 1013 3212; x_wconf 81' lang='lat' dir='ltr'><strong>cop.</strong></span> <span class='ocrx_word' id='word_1_280' title='bbox 1029 3149 1064 3198; x_wconf 88' lang='grc'><strong>39</strong></span> 
     </span>
     <span class='ocr_line' id='line_1_36' title="bbox 42 3213 1063 3284; baseline 0 -15"><span class='ocrx_word' id='word_1_281' title='bbox 42 3217 278 3282; x_wconf 77' lang='lat' dir='ltr'><strong>transponendum</strong></span> <span class='ocrx_word' id='word_1_282' title='bbox 297 3231 351 3269; x_wconf 84' lang='lat' dir='ltr'><strong>esse</strong></span> <span class='ocrx_word' id='word_1_283' title='bbox 369 3220 456 3270; x_wconf 78' lang='lat' dir='ltr'><strong>causet</strong></span> <span class='ocrx_word' id='word_1_284' title='bbox 534 3221 567 3270; x_wconf 96' lang='grc'><strong>21</strong></span> <span class='ocrx_word' id='word_1_285' title='bbox 587 3215 672 3270; x_wconf 78' lang='lat' dir='ltr'><strong>uineis</strong></span> <span class='ocrx_word' id='word_1_286' title='bbox 691 3215 767 3283; x_wconf 78' lang='grc' dir='ltr'><strong>ΑΡΙ</strong></span> <span class='ocrx_word' id='word_1_287' title='bbox 784 3215 934 3284; x_wconf 82' lang='lat' dir='ltr'><strong>paraverat</strong></span> <span class='ocrx_word' id='word_1_288' title='bbox 951 3213 1063 3269; x_wconf 77' lang='lat' dir='ltr'><strong>Rutulo.</strong></span> 
     </span>
     <span class='ocr_line' id='line_1_37' title="bbox 116 3286 1064 3356; baseline 0.001 -17"><span class='ocrx_word' id='word_1_289' title='bbox 116 3289 150 3339; x_wconf 96' lang='grc'><strong>22</strong></span> <span class='ocrx_word' id='word_1_290' title='bbox 170 3286 201 3337; x_wconf 81' lang='lat' dir='ltr'><strong>ut</strong></span> <span class='ocrx_word' id='word_1_291' title='bbox 220 3286 296 3338; x_wconf 83' lang='lat' dir='ltr'><strong>MA:</strong></span> <span class='ocrx_word' id='word_1_292' title='bbox 315 3287 356 3339; x_wconf 85' lang='lat' dir='ltr'><strong>Ac</strong></span> <span class='ocrx_word' id='word_1_293' title='bbox 377 3286 405 3339; x_wconf 91' lang='lat' dir='ltr'><em>P</em></span> <span class='ocrx_word' id='word_1_294' title='bbox 467 3292 501 3340; x_wconf 88' lang='grc'><strong>23</strong></span> <span class='ocrx_word' id='word_1_295' title='bbox 521 3302 599 3342; x_wconf 86' lang='lat' dir='ltr'><strong>socer</strong></span> <span class='ocrx_word' id='word_1_296' title='bbox 617 3302 752 3356; x_wconf 87' lang='lat' dir='ltr'><strong>generum</strong></span> <span class='ocrx_word' id='word_1_297' title='bbox 769 3286 916 3340; x_wconf 79' lang='lat' dir='ltr'><strong>Heiusius:</strong></span> <span class='ocrx_word' id='word_1_298' title='bbox 936 3301 1064 3340; x_wconf 87' lang='lat' dir='ltr'><strong>socerum</strong></span> 
     </span>
    </p>
   </div>
   <div class='ocr_carea' id='block_1_4' title="bbox 42 3355 1065 3498">
    <p class='ocr_par' dir='ltr' id='par_1_9' title="bbox 42 3355 1065 3498">
     <span class='ocr_line' id='line_1_38' title="bbox 42 3355 1065 3498; baseline -0.001 -88"><span class='ocrx_word' id='word_1_299' title='bbox 42 3355 108 3424; x_wconf 84' lang='lat' dir='ltr'><strong>AP,</strong></span> <span class='ocrx_word' id='word_1_300' title='bbox 126 3371 260 3498; x_wconf 61' lang='lat' dir='ltr'><strong>qenemm</strong></span> <span class='ocrx_word' id='word_1_301' title='bbox 273 3357 364 3410; x_wconf 83' lang='lat' dir='ltr'><strong>Aldus</strong></span> <span class='ocrx_word' id='word_1_302' title='bbox 380 3357 384 3425; x_wconf 83' lang='grc' dir='ltr'>Ι</span> <span class='ocrx_word' id='word_1_303' title='bbox 400 3356 475 3425; x_wconf 90' lang='lat' dir='ltr'><strong>petit</strong></span> <span class='ocrx_word' id='word_1_304' title='bbox 487 3358 552 3426; x_wconf 82' lang='grc' dir='ltr'><strong>ΑΡ,</strong></span> <span class='ocrx_word' id='word_1_305' title='bbox 570 3375 617 3412; x_wconf 77' lang='lat' dir='ltr'><strong>eut.</strong></span> <span class='ocrx_word' id='word_1_306' title='bbox 638 3356 767 3412; x_wconf 78' lang='lat' dir='ltr'><strong>Gelenius</strong></span> <span class='ocrx_word' id='word_1_307' title='bbox 821 3362 856 3411; x_wconf 86' lang='grc'><strong>24</strong></span> <span class='ocrx_word' id='word_1_308' title='bbox 874 3373 973 3426; x_wconf 85' lang='lat' dir='ltr'><strong>regum</strong></span> <span class='ocrx_word' id='word_1_309' title='bbox 988 3357 1065 3410; x_wconf 77' lang='lat' dir='ltr'><strong>Ruu-</strong></span> 
     </span>
    </p>
   </div>
   <div class='ocr_carea' id='block_1_5' title="bbox 42 3425 543 3495">
    <p class='ocr_par' dir='ltr' id='par_1_10' title="bbox 42 3425 543 3495">
     <span class='ocr_line' id='line_1_39' title="bbox 42 3425 543 3495; baseline 0 -13"><span class='ocrx_word' id='word_1_310' title='bbox 42 3444 110 3482; x_wconf 84' lang='lat' dir='ltr'><strong>mau</strong></span> <span class='ocrx_word' id='word_1_311' title='bbox 157 3443 212 3495; x_wconf 84' lang='lat' dir='ltr'><strong>qua</strong></span> <span class='ocrx_word' id='word_1_312' title='bbox 231 3425 379 3482; x_wconf 79' lang='lat' dir='ltr'><strong>Gruterus:</strong></span> <span class='ocrx_word' id='word_1_313' title='bbox 400 3427 467 3495; x_wconf 84' lang='lat' dir='ltr'><strong>quia</strong></span> <span class='ocrx_word' id='word_1_314' title='bbox 485 3428 543 3482; x_wconf 79' lang='grc' dir='ltr'><strong>ΑΡ</strong></span> 
     </span>
    </p>
   </div>
   <div class='ocr_carea' id='block_1_6' title="bbox 844 3531 880 3584">
    <p class='ocr_par' dir='ltr' id='par_1_11' title="bbox 844 3531 880 3584">
     <span class='ocr_line' id='line_1_40' title="bbox 844 3531 880 3584; baseline 0 -21"><span class='ocrx_word' id='word_1_315' title='bbox 844 3531 880 3584; x_wconf 47' lang='grc' dir='ltr'><strong>ᾖ</strong></span> 
     </span>
    </p>
   </div>
   <div class='ocr_carea' id='block_1_7' title="bbox 0 0 1216 3848">
    <p class='ocr_par' dir='ltr' id='par_1_12' title="bbox 0 0 1216 3848">
     <span class='ocr_line' id='line_1_41' title="bbox 0 0 1216 3848; baseline 0 3"><span class='ocrx_word' id='word_1_316' title='bbox 0 0 1216 3848; x_wconf 95' lang='lat' dir='ltr'><strong> </strong></span> 
     </span>
    </p>
   </div>
  </div>
 </body>
</html>
