<?xml version="1.0" encoding="UTF-8"?>
<!DOCTYPE html PUBLIC "-//W3C//DTD XHTML 1.0 Transitional//EN"
    "http://www.w3.org/TR/xhtml1/DTD/xhtml1-transitional.dtd">
<html xmlns="http://www.w3.org/1999/xhtml" xml:lang="en" lang="en">
 <head>
  <title>
</title>
<meta http-equiv="Content-Type" content="text/html;charset=utf-8" />
  <meta name='ocr-system' content='tesseract 3.04.00' />
  <meta name='ocr-capabilities' content='ocr_page ocr_carea ocr_par ocr_line ocrx_word'/>
</head>
<body>
  <div class='ocr_page' id='page_1' title='image "./exhistoriaeroma00pategoog_0071.png"; bbox 0 0 2422 3848; ppageno 0'>
   <div class='ocr_carea' id='block_1_1' title="bbox 117 167 635 234">
    <p class='ocr_par' dir='ltr' id='par_1_1' title="bbox 117 167 635 234">
     <span class='ocr_line' id='line_1_1' title="bbox 117 167 635 234; baseline -0.002 0"><span class='ocrx_word' id='word_1_1' title='bbox 117 170 160 234; x_wconf 84' lang='grc'>60</span> <span class='ocrx_word' id='word_1_2' title='bbox 609 167 635 221; x_wconf 89' lang='lat' dir='ltr'>lI</span> 
     </span>
    </p>
   </div>
   <div class='ocr_carea' id='block_1_2' title="bbox 86 331 1182 2891">
    <p class='ocr_par' dir='ltr' id='par_1_2' title="bbox 86 331 1172 769">
     <span class='ocr_line' id='line_1_2' title="bbox 86 331 1144 396; baseline -0.002 0"><span class='ocrx_word' id='word_1_3' title='bbox 86 336 196 396; x_wconf 81' lang='grc'><strong>41113111</strong></span> <span class='ocrx_word' id='word_1_4' title='bbox 219 335 251 396; x_wconf 87' lang='lat' dir='ltr'>P.</span> <span class='ocrx_word' id='word_1_5' title='bbox 271 334 391 396; x_wconf 84' lang='lat' dir='ltr'>Clodius</span> <span class='ocrx_word' id='word_1_6' title='bbox 414 337 445 395; x_wconf 93' lang='lat' dir='ltr'>in</span> <span class='ocrx_word' id='word_1_7' title='bbox 468 333 621 395; x_wconf 83' lang='lat' dir='ltr'>tribunatu</span> <span class='ocrx_word' id='word_1_8' title='bbox 645 331 700 393; x_wconf 93' lang='lat' dir='ltr'>sub</span> <span class='ocrx_word' id='word_1_9' title='bbox 723 334 1024 394; x_wconf 80' lang='lat' dir='ltr'>honorificentissimo</span> <span class='ocrx_word' id='word_1_10' title='bbox 1048 334 1144 394; x_wconf 91' lang='lat' dir='ltr'>mini·</span> 
     </span>
     <span class='ocr_line' id='line_1_3' title="bbox 119 421 1144 502; baseline -0.003 -18"><span class='ocrx_word' id='word_1_11' title='bbox 119 427 203 484; x_wconf 90' lang='lat' dir='ltr'>sterii</span> <span class='ocrx_word' id='word_1_12' title='bbox 230 423 316 485; x_wconf 91' lang='lat' dir='ltr'>titulo</span> <span class='ocrx_word' id='word_1_13' title='bbox 344 423 381 484; x_wconf 91' lang='lat' dir='ltr'>M.</span> <span class='ocrx_word' id='word_1_14' title='bbox 410 421 552 484; x_wconf 87' lang='lat' dir='ltr'>Catonem</span> <span class='ocrx_word' id='word_1_15' title='bbox 583 440 600 482; x_wconf 87' lang='lat' dir='ltr'>a</span> <span class='ocrx_word' id='word_1_16' title='bbox 629 440 662 482; x_wconf 91' lang='lat' dir='ltr'>re</span> <span class='ocrx_word' id='word_1_17' title='bbox 690 422 808 502; x_wconf 88' lang='lat' dir='ltr'>publica</span> <span class='ocrx_word' id='word_1_18' title='bbox 836 422 990 501; x_wconf 82' lang='lat' dir='ltr'>relegarit:</span> <span class='ocrx_word' id='word_1_19' title='bbox 1021 423 1144 502; x_wconf 87' lang='lat' dir='ltr'>quippe</span> 
     </span>
     <span class='ocr_line' id='line_1_4' title="bbox 119 509 1144 595; baseline 0.001 -24"><span class='ocrx_word' id='word_1_20' title='bbox 119 513 214 591; x_wconf 88' lang='lat' dir='ltr'>legem</span> <span class='ocrx_word' id='word_1_21' title='bbox 241 513 321 595; x_wconf 86' lang='lat' dir='ltr'>tulit,</span> <span class='ocrx_word' id='word_1_22' title='bbox 353 519 388 573; x_wconf 94' lang='lat' dir='ltr'>ut</span> <span class='ocrx_word' id='word_1_23' title='bbox 414 514 440 572; x_wconf 93' lang='lat' dir='ltr'>is</span> <span class='ocrx_word' id='word_1_24' title='bbox 468 518 607 591; x_wconf 77' lang='lat' dir='ltr'>quaestor</span> <span class='ocrx_word' id='word_1_25' title='bbox 636 530 704 573; x_wconf 89' lang='lat' dir='ltr'>eum</span> <span class='ocrx_word' id='word_1_26' title='bbox 735 514 802 571; x_wconf 92' lang='lat' dir='ltr'>iure</span> <span class='ocrx_word' id='word_1_27' title='bbox 834 511 984 590; x_wconf 83' lang='lat' dir='ltr'>praetorio</span> <span class='ocrx_word' id='word_1_28' title='bbox 1016 509 1144 572; x_wconf 84' lang='lat' dir='ltr'>adiecto</span> 
     </span>
     <span class='ocr_line' id='line_1_5' title="bbox 119 597 1144 680; baseline 0 -20"><span class='ocrx_word' id='word_1_29' title='bbox 119 603 207 661; x_wconf 89' lang='lat' dir='ltr'>etiarn</span> <span class='ocrx_word' id='word_1_30' title='bbox 230 609 389 680; x_wconf 78' lang='lat' dir='ltr'>quaestore</span> <span class='ocrx_word' id='word_1_31' title='bbox 407 603 577 661; x_wconf 87' lang='lat' dir='ltr'>mitteretur</span> <span class='ocrx_word' id='word_1_32' title='bbox 600 601 631 659; x_wconf 94' lang='lat' dir='ltr'>in</span> <span class='ocrx_word' id='word_1_33' title='bbox 651 600 779 661; x_wconf 86' lang='lat' dir='ltr'>insulam</span> <span class='ocrx_word' id='word_1_34' title='bbox 798 599 927 679; x_wconf 82' lang='lat' dir='ltr'>Cyprum</span> <span class='ocrx_word' id='word_1_35' title='bbox 950 597 987 658; x_wconf 91' lang='lat' dir='ltr'>ad</span> <span class='ocrx_word' id='word_1_36' title='bbox 1006 598 1144 677; x_wconf 79' lang='lat' dir='ltr'>spolian-</span> 
     </span>
     <span class='ocr_line' id='line_1_6' title="bbox 119 688 1172 769; baseline -0.008 -19"><span class='ocrx_word' id='word_1_37' title='bbox 119 690 190 750; x_wconf 90' lang='lat' dir='ltr'>dum</span> <span class='ocrx_word' id='word_1_38' title='bbox 212 708 304 769; x_wconf 82' lang='lat' dir='ltr'>regno</span> <span class='ocrx_word' id='word_1_39' title='bbox 328 688 544 768; x_wconf 86' lang='lat' dir='ltr'>Ptolemaeum,</span> <span class='ocrx_word' id='word_1_40' title='bbox 572 688 710 749; x_wconf 92' lang='lat' dir='ltr'>omnibus</span> <span class='ocrx_word' id='word_1_41' title='bbox 732 707 850 748; x_wconf 93' lang='lat' dir='ltr'>morum</span> <span class='ocrx_word' id='word_1_42' title='bbox 873 690 952 748; x_wconf 83' lang='lat' dir='ltr'>vitiis</span> <span class='ocrx_word' id='word_1_43' title='bbox 974 705 1043 747; x_wconf 91' lang='lat' dir='ltr'>eam</span> <span class='ocrx_word' id='word_1_44' title='bbox 1067 700 1172 749; x_wconf 78' lang='lat' dir='ltr'>oon-s</span> 
     </span>
    </p>

    <p class='ocr_par' dir='ltr' id='par_1_3' title="bbox 88 775 1182 1389">
     <span class='ocr_line' id='line_1_7' title="bbox 88 775 1145 839; baseline -0.001 0"><span class='ocrx_word' id='word_1_45' title='bbox 88 779 269 839; x_wconf 74' lang='lat' dir='ltr'>ttumeliam</span> <span class='ocrx_word' id='word_1_46' title='bbox 293 779 442 838; x_wconf 90' lang='lat' dir='ltr'>meritum.</span> <span class='ocrx_word' id='word_1_47' title='bbox 488 775 540 836; x_wconf 89' lang='lat' dir='ltr'>sed</span> <span class='ocrx_word' id='word_1_48' title='bbox 567 775 617 836; x_wconf 90' lang='lat' dir='ltr'>ille</span> <span class='ocrx_word' id='word_1_49' title='bbox 645 776 701 837; x_wconf 89' lang='lat' dir='ltr'>sub</span> <span class='ocrx_word' id='word_1_50' title='bbox 729 775 888 836; x_wconf 83' lang='lat' dir='ltr'>adventum</span> <span class='ocrx_word' id='word_1_51' title='bbox 910 775 1031 835; x_wconf 87' lang='lat' dir='ltr'>Catonis</span> <span class='ocrx_word' id='word_1_52' title='bbox 1061 779 1145 838; x_wconf 86' lang='lat' dir='ltr'>vitae</span> 
     </span>
     <span class='ocr_line' id='line_1_8' title="bbox 119 865 1145 944; baseline 0 -19"><span class='ocrx_word' id='word_1_53' title='bbox 119 885 189 927; x_wconf 91' lang='lat' dir='ltr'>suae</span> <span class='ocrx_word' id='word_1_54' title='bbox 215 868 275 925; x_wconf 86' lang='lat' dir='ltr'>vim</span> <span class='ocrx_word' id='word_1_55' title='bbox 302 865 410 926; x_wconf 89' lang='lat' dir='ltr'>intulit.</span> <span class='ocrx_word' id='word_1_56' title='bbox 447 865 525 926; x_wconf 87' lang='lat' dir='ltr'>unde</span> <span class='ocrx_word' id='word_1_57' title='bbox 549 868 706 943; x_wconf 82' lang='lat' dir='ltr'>pecuniam</span> <span class='ocrx_word' id='word_1_58' title='bbox 733 865 820 944; x_wconf 84' lang='lat' dir='ltr'>longe</span> <span class='ocrx_word' id='word_1_59' title='bbox 847 871 965 943; x_wconf 85' lang='lat' dir='ltr'>sperata</span> <span class='ocrx_word' id='word_1_60' title='bbox 991 866 1145 927; x_wconf 86' lang='lat' dir='ltr'>maiorem</span> 
     </span>
     <span class='ocr_line' id='line_1_9' title="bbox 120 952 1146 1037; baseline 0.001 -23"><span class='ocrx_word' id='word_1_61' title='bbox 120 954 191 1015; x_wconf 89' lang='lat' dir='ltr'>Cato</span> <span class='ocrx_word' id='word_1_62' title='bbox 215 953 338 1014; x_wconf 89' lang='lat' dir='ltr'>Romam</span> <span class='ocrx_word' id='word_1_63' title='bbox 361 952 477 1015; x_wconf 88' lang='lat' dir='ltr'>retulit:</span> <span class='ocrx_word' id='word_1_64' title='bbox 504 957 590 1014; x_wconf 91' lang='lat' dir='ltr'>euius</span> <span class='ocrx_word' id='word_1_65' title='bbox 613 955 815 1032; x_wconf 86' lang='lat' dir='ltr'>integritatem</span> <span class='ocrx_word' id='word_1_66' title='bbox 837 953 951 1014; x_wconf 87' lang='lat' dir='ltr'>laudari</span> <span class='ocrx_word' id='word_1_67' title='bbox 974 952 1061 1013; x_wconf 83' lang='lat' dir='ltr'>nefas</span> <span class='ocrx_word' id='word_1_68' title='bbox 1086 964 1146 1037; x_wconf 81' lang='lat' dir='ltr'>est,</span> 
     </span>
     <span class='ocr_line' id='line_1_10' title="bbox 119 1041 1145 1123; baseline 0.003 -22"><span class='ocrx_word' id='word_1_69' title='bbox 119 1042 276 1103; x_wconf 82' lang='lat' dir='ltr'>insolentia</span> <span class='ocrx_word' id='word_1_70' title='bbox 298 1060 392 1122; x_wconf 91' lang='lat' dir='ltr'>paene</span> <span class='ocrx_word' id='word_1_71' title='bbox 421 1045 506 1122; x_wconf 83' lang='lat' dir='ltr'>argui</span> <span class='ocrx_word' id='word_1_72' title='bbox 531 1050 643 1123; x_wconf 86' lang='lat' dir='ltr'>potest,</span> <span class='ocrx_word' id='word_1_73' title='bbox 671 1041 751 1120; x_wconf 90' lang='lat' dir='ltr'>quod</span> <span class='ocrx_word' id='word_1_74' title='bbox 779 1060 838 1102; x_wconf 91' lang='lat' dir='ltr'>una</span> <span class='ocrx_word' id='word_1_75' title='bbox 865 1060 934 1102; x_wconf 87' lang='lat' dir='ltr'>eum</span> <span class='ocrx_word' id='word_1_76' title='bbox 961 1041 1145 1104; x_wconf 88' lang='lat' dir='ltr'>oonsulibus</span> 
     </span>
     <span class='ocr_line' id='line_1_11' title="bbox 120 1129 1182 1211; baseline -0.004 -20"><span class='ocrx_word' id='word_1_77' title='bbox 120 1150 153 1192; x_wconf 90' lang='lat' dir='ltr'>ae</span> <span class='ocrx_word' id='word_1_78' title='bbox 177 1139 282 1192; x_wconf 90' lang='lat' dir='ltr'>senatu</span> <span class='ocrx_word' id='word_1_79' title='bbox 306 1131 399 1192; x_wconf 85' lang='lat' dir='ltr'>effusa</span> <span class='ocrx_word' id='word_1_80' title='bbox 420 1133 536 1191; x_wconf 82' lang='lat' dir='ltr'>civitate</span> <span class='ocrx_word' id='word_1_81' title='bbox 556 1129 686 1211; x_wconf 84' lang='lat' dir='ltr'>obviam,</span> <span class='ocrx_word' id='word_1_82' title='bbox 708 1148 777 1191; x_wconf 88' lang='lat' dir='ltr'>eum</span> <span class='ocrx_word' id='word_1_83' title='bbox 795 1149 849 1209; x_wconf 90' lang='lat' dir='ltr'>per</span> <span class='ocrx_word' id='word_1_84' title='bbox 868 1129 1001 1191; x_wconf 86' lang='lat' dir='ltr'>Tiberim</span> <span class='ocrx_word' id='word_1_85' title='bbox 1020 1130 1145 1193; x_wconf 89' lang='lat' dir='ltr'>subiret</span> <span class='ocrx_word' id='word_1_86' title='bbox 1158 1146 1182 1187; x_wconf 86' lang='lat' dir='ltr'>n</span> 
     </span>
     <span class='ocr_line' id='line_1_12' title="bbox 120 1218 1145 1302; baseline 0.003 -22"><span class='ocrx_word' id='word_1_87' title='bbox 120 1220 256 1302; x_wconf 88' lang='lat' dir='ltr'>navibus,</span> <span class='ocrx_word' id='word_1_88' title='bbox 284 1239 345 1280; x_wconf 91' lang='lat' dir='ltr'>non</span> <span class='ocrx_word' id='word_1_89' title='bbox 368 1227 436 1279; x_wconf 89' lang='lat' dir='ltr'>ante</span> <span class='ocrx_word' id='word_1_90' title='bbox 459 1221 496 1278; x_wconf 92' lang='lat' dir='ltr'>iis</span> <span class='ocrx_word' id='word_1_91' title='bbox 520 1237 658 1297; x_wconf 84' lang='lat' dir='ltr'>egressus</span> <span class='ocrx_word' id='word_1_92' title='bbox 682 1227 741 1300; x_wconf 85' lang='lat' dir='ltr'>est,</span> <span class='ocrx_word' id='word_1_93' title='bbox 768 1237 857 1298; x_wconf 90' lang='lat' dir='ltr'>quam</span> <span class='ocrx_word' id='word_1_94' title='bbox 884 1220 921 1280; x_wconf 88' lang='lat' dir='ltr'>ad</span> <span class='ocrx_word' id='word_1_95' title='bbox 945 1236 1014 1279; x_wconf 92' lang='lat' dir='ltr'>eum</span> <span class='ocrx_word' id='word_1_96' title='bbox 1036 1218 1145 1282; x_wconf 83' lang='lat' dir='ltr'>locum</span> 
     </span>
     <span class='ocr_line' id='line_1_13' title="bbox 119 1306 784 1389; baseline 0 -21"><span class='ocrx_word' id='word_1_97' title='bbox 119 1310 268 1389; x_wconf 81' lang='lat' dir='ltr'>pervenit,</span> <span class='ocrx_word' id='word_1_98' title='bbox 291 1307 343 1368; x_wconf 94' lang='lat' dir='ltr'>ubi</span> <span class='ocrx_word' id='word_1_99' title='bbox 366 1315 431 1367; x_wconf 88' lang='lat' dir='ltr'>erat</span> <span class='ocrx_word' id='word_1_100' title='bbox 453 1306 626 1386; x_wconf 82' lang='lat' dir='ltr'>exponenda</span> <span class='ocrx_word' id='word_1_101' title='bbox 648 1311 784 1386; x_wconf 82' lang='lat' dir='ltr'>pecunia.</span> 
     </span>
    </p>

    <p class='ocr_par' dir='ltr' id='par_1_4' title="bbox 90 1393 1181 2006">
     <span class='ocr_line' id='line_1_14' title="bbox 90 1393 1145 1459; baseline 0.003 -3"><span class='ocrx_word' id='word_1_102' title='bbox 90 1410 104 1456; x_wconf 95' lang='lat'>1</span> <span class='ocrx_word' id='word_1_103' title='bbox 208 1393 260 1457; x_wconf 88' lang='grc'>46.</span> <span class='ocrx_word' id='word_1_104' title='bbox 299 1393 374 1456; x_wconf 90' lang='lat' dir='ltr'>Cum</span> <span class='ocrx_word' id='word_1_105' title='bbox 397 1395 503 1455; x_wconf 87' lang='lat' dir='ltr'>deinde</span> <span class='ocrx_word' id='word_1_106' title='bbox 527 1397 654 1456; x_wconf 91' lang='lat' dir='ltr'>inmanis</span> <span class='ocrx_word' id='word_1_107' title='bbox 676 1415 726 1456; x_wconf 90' lang='lat' dir='ltr'>res</span> <span class='ocrx_word' id='word_1_108' title='bbox 748 1399 796 1456; x_wconf 82' lang='lat' dir='ltr'>vix</span> <span class='ocrx_word' id='word_1_109' title='bbox 815 1395 917 1456; x_wconf 92' lang='lat' dir='ltr'>multis</span> <span class='ocrx_word' id='word_1_110' title='bbox 934 1394 1145 1459; x_wconf 89' lang='lat' dir='ltr'>voluminibus</span> 
     </span>
     <span class='ocr_line' id='line_1_15' title="bbox 120 1482 1143 1564; baseline 0.002 -19"><span class='ocrx_word' id='word_1_111' title='bbox 120 1484 308 1563; x_wconf 83' lang='lat' dir='ltr'>explicandas</span> <span class='ocrx_word' id='word_1_112' title='bbox 327 1483 359 1544; x_wconf 92' lang='lat' dir='ltr'>C.</span> <span class='ocrx_word' id='word_1_113' title='bbox 374 1482 481 1543; x_wconf 89' lang='lat' dir='ltr'>Caesar</span> <span class='ocrx_word' id='word_1_114' title='bbox 503 1485 534 1543; x_wconf 92' lang='lat' dir='ltr'>in</span> <span class='ocrx_word' id='word_1_115' title='bbox 549 1484 640 1544; x_wconf 87' lang='lat' dir='ltr'>Gallia</span> <span class='ocrx_word' id='word_1_116' title='bbox 658 1492 778 1564; x_wconf 82' lang='lat' dir='ltr'>gereret</span> <span class='ocrx_word' id='word_1_117' title='bbox 796 1502 852 1544; x_wconf 91' lang='lat' dir='ltr'>nee</span> <span class='ocrx_word' id='word_1_118' title='bbox 866 1492 1025 1545; x_wconf 85' lang='lat' dir='ltr'>contentus</span> <span class='ocrx_word' id='word_1_119' title='bbox 1043 1485 1143 1564; x_wconf 88' lang='lat' dir='ltr'>pluri-</span> 
     </span>
     <span class='ocr_line' id='line_1_16' title="bbox 120 1572 1181 1651; baseline -0.005 -19"><span class='ocrx_word' id='word_1_120' title='bbox 120 1576 176 1633; x_wconf 90' lang='lat' dir='ltr'>mis</span> <span class='ocrx_word' id='word_1_121' title='bbox 205 1591 238 1633; x_wconf 89' lang='lat' dir='ltr'>ac</span> <span class='ocrx_word' id='word_1_122' title='bbox 266 1573 445 1633; x_wconf 82' lang='lat' dir='ltr'>felicissimis</span> <span class='ocrx_word' id='word_1_123' title='bbox 472 1573 604 1633; x_wconf 83' lang='lat' dir='ltr'>victoriis</span> <span class='ocrx_word' id='word_1_124' title='bbox 630 1572 957 1651; x_wconf 89' lang='lat' dir='ltr'>innumerabilibusque</span> <span class='ocrx_word' id='word_1_125' title='bbox 985 1576 1085 1634; x_wconf 89' lang='lat' dir='ltr'>eaesis</span> <span class='ocrx_word' id='word_1_126' title='bbox 1112 1583 1144 1635; x_wconf 85' lang='lat' dir='ltr'>et</span> <span class='ocrx_word' id='word_1_127' title='bbox 1157 1586 1181 1628; x_wconf 82' lang='lat' dir='ltr'>u</span> 
     </span>
     <span class='ocr_line' id='line_1_17' title="bbox 121 1659 1145 1741; baseline 0.002 -19"><span class='ocrx_word' id='word_1_128' title='bbox 121 1665 214 1741; x_wconf 87' lang='lat' dir='ltr'>captis</span> <span class='ocrx_word' id='word_1_129' title='bbox 246 1662 377 1722; x_wconf 90' lang='lat' dir='ltr'>hostium</span> <span class='ocrx_word' id='word_1_130' title='bbox 411 1659 531 1721; x_wconf 91' lang='lat' dir='ltr'>milibus</span> <span class='ocrx_word' id='word_1_131' title='bbox 568 1663 655 1721; x_wconf 92' lang='lat' dir='ltr'>etiam</span> <span class='ocrx_word' id='word_1_132' title='bbox 688 1664 720 1721; x_wconf 93' lang='lat' dir='ltr'>in</span> <span class='ocrx_word' id='word_1_133' title='bbox 750 1661 934 1722; x_wconf 87' lang='lat' dir='ltr'>Britanniam</span> <span class='ocrx_word' id='word_1_134' title='bbox 969 1662 1145 1724; x_wconf 84' lang='lat' dir='ltr'>traiecisset</span> 
     </span>
     <span class='ocr_line' id='line_1_18' title="bbox 121 1750 1143 1831; baseline 0.002 -20"><span class='ocrx_word' id='word_1_135' title='bbox 121 1754 298 1831; x_wconf 83' lang='lat' dir='ltr'>exereitum,</span> <span class='ocrx_word' id='word_1_136' title='bbox 322 1750 448 1810; x_wconf 89' lang='lat' dir='ltr'>alterum</span> <span class='ocrx_word' id='word_1_137' title='bbox 471 1767 564 1828; x_wconf 90' lang='lat' dir='ltr'>paene</span> <span class='ocrx_word' id='word_1_138' title='bbox 587 1752 712 1828; x_wconf 85' lang='lat' dir='ltr'>imperio</span> <span class='ocrx_word' id='word_1_139' title='bbox 735 1757 839 1810; x_wconf 91' lang='lat' dir='ltr'>nostro</span> <span class='ocrx_word' id='word_1_140' title='bbox 858 1767 892 1809; x_wconf 90' lang='lat' dir='ltr'>ao</span> <span class='ocrx_word' id='word_1_141' title='bbox 916 1768 970 1811; x_wconf 90' lang='lat' dir='ltr'>suo</span> <span class='ocrx_word' id='word_1_142' title='bbox 989 1767 1143 1828; x_wconf 87' lang='lat' dir='ltr'>quaerens</span> 
     </span>
     <span class='ocr_line' id='line_1_19' title="bbox 121 1836 1143 1922; baseline 0.002 -23"><span class='ocrx_word' id='word_1_143' title='bbox 121 1839 237 1921; x_wconf 88' lang='lat' dir='ltr'>orbem,</span> <span class='ocrx_word' id='word_1_144' title='bbox 260 1848 347 1900; x_wconf 89' lang='lat' dir='ltr'>vetus</span> <span class='ocrx_word' id='word_1_145' title='bbox 370 1857 423 1917; x_wconf 88' lang='lat' dir='ltr'>par</span> <span class='ocrx_word' id='word_1_146' title='bbox 446 1837 616 1918; x_wconf 79' lang='lat' dir='ltr'>consulum,</span> <span class='ocrx_word' id='word_1_147' title='bbox 640 1836 691 1907; x_wconf 83' lang='lat' dir='ltr'>Cn.</span> <span class='ocrx_word' id='word_1_148' title='bbox 714 1837 874 1916; x_wconf 91' lang='lat' dir='ltr'>Pompeius</span> <span class='ocrx_word' id='word_1_149' title='bbox 898 1845 928 1898; x_wconf 90' lang='lat' dir='ltr'>et</span> <span class='ocrx_word' id='word_1_150' title='bbox 945 1837 982 1897; x_wconf 89' lang='lat' dir='ltr'>M.</span> <span class='ocrx_word' id='word_1_151' title='bbox 1002 1836 1143 1922; x_wconf 86' lang='lat' dir='ltr'>Crassus,</span> 
     </span>
     <span class='ocr_line' id='line_1_20' title="bbox 121 1925 1143 2006; baseline 0.002 -19"><span class='ocrx_word' id='word_1_152' title='bbox 121 1927 246 1987; x_wconf 86' lang='lat' dir='ltr'>alterurn</span> <span class='ocrx_word' id='word_1_153' title='bbox 269 1929 363 1987; x_wconf 87' lang='lat' dir='ltr'>iniere</span> <span class='ocrx_word' id='word_1_154' title='bbox 387 1925 587 2006; x_wconf 84' lang='lat' dir='ltr'>consulatum,</span> <span class='ocrx_word' id='word_1_155' title='bbox 615 1929 666 2004; x_wconf 93' lang='lat' dir='ltr'>qui</span> <span class='ocrx_word' id='word_1_156' title='bbox 692 1943 789 2004; x_wconf 90' lang='lat' dir='ltr'>neque</span> <span class='ocrx_word' id='word_1_157' title='bbox 813 1929 925 2006; x_wconf 89' lang='lat' dir='ltr'>petitus</span> <span class='ocrx_word' id='word_1_158' title='bbox 951 1926 1079 1988; x_wconf 88' lang='lat' dir='ltr'>honeste</span> <span class='ocrx_word' id='word_1_159' title='bbox 1104 1928 1143 1989; x_wconf 90' lang='lat' dir='ltr'>ab</span> 
     </span>
    </p>

    <p class='ocr_par' dir='ltr' id='par_1_5' title="bbox 90 2013 1180 2537">
     <span class='ocr_line' id='line_1_21' title="bbox 90 2013 1180 2095; baseline -0.001 -21"><span class='ocrx_word' id='word_1_160' title='bbox 90 2017 157 2075; x_wconf 82' lang='grc'><strong>3113</strong></span> <span class='ocrx_word' id='word_1_161' title='bbox 189 2033 287 2094; x_wconf 91' lang='lat' dir='ltr'>neque</span> <span class='ocrx_word' id='word_1_162' title='bbox 318 2013 512 2094; x_wconf 88' lang='lat' dir='ltr'>probabiliter</span> <span class='ocrx_word' id='word_1_163' title='bbox 543 2022 646 2093; x_wconf 85' lang='lat' dir='ltr'>gestus</span> <span class='ocrx_word' id='word_1_164' title='bbox 678 2022 731 2074; x_wconf 92' lang='lat' dir='ltr'>est.</span> <span class='ocrx_word' id='word_1_165' title='bbox 787 2013 906 2075; x_wconf 87' lang='lat' dir='ltr'>Caesari</span> <span class='ocrx_word' id='word_1_166' title='bbox 936 2014 1015 2095; x_wconf 83' lang='lat' dir='ltr'>lege,</span> <span class='ocrx_word' id='word_1_167' title='bbox 1047 2033 1142 2095; x_wconf 85' lang='lat' dir='ltr'>quam</span> <span class='ocrx_word' id='word_1_168' title='bbox 1155 2032 1180 2073; x_wconf 80' lang='lat' dir='ltr'>eo</span> 
     </span>
     <span class='ocr_line' id='line_1_22' title="bbox 120 2102 1143 2184; baseline 0.004 -22"><span class='ocrx_word' id='word_1_169' title='bbox 120 2103 280 2181; x_wconf 88' lang='lat' dir='ltr'>Pompeius</span> <span class='ocrx_word' id='word_1_170' title='bbox 303 2102 339 2162; x_wconf 87' lang='lat' dir='ltr'>ad</span> <span class='ocrx_word' id='word_1_171' title='bbox 362 2103 504 2183; x_wconf 88' lang='lat' dir='ltr'>populum</span> <span class='ocrx_word' id='word_1_172' title='bbox 531 2103 611 2184; x_wconf 83' lang='lat' dir='ltr'>tulit,</span> <span class='ocrx_word' id='word_1_173' title='bbox 639 2112 814 2182; x_wconf 85' lang='lat' dir='ltr'>prorogatae</span> <span class='ocrx_word' id='word_1_174' title='bbox 842 2107 872 2163; x_wconf 94' lang='grc'>111</span> <span class='ocrx_word' id='word_1_175' title='bbox 900 2103 979 2164; x_wconf 92' lang='lat' dir='ltr'>idem</span> <span class='ocrx_word' id='word_1_176' title='bbox 1007 2107 1143 2183; x_wconf 87' lang='lat' dir='ltr'>spatium</span> 
     </span>
     <span class='ocr_line' id='line_1_23' title="bbox 120 2190 1141 2273; baseline 0.003 -21"><span class='ocrx_word' id='word_1_177' title='bbox 120 2194 264 2270; x_wconf 88' lang='lat' dir='ltr'>temporis</span> <span class='ocrx_word' id='word_1_178' title='bbox 287 2194 469 2273; x_wconf 82' lang='lat' dir='ltr'>provinciae,</span> <span class='ocrx_word' id='word_1_179' title='bbox 498 2190 605 2252; x_wconf 88' lang='lat' dir='ltr'>Crasso</span> <span class='ocrx_word' id='word_1_180' title='bbox 629 2190 740 2251; x_wconf 91' lang='lat' dir='ltr'>bellum</span> <span class='ocrx_word' id='word_1_181' title='bbox 762 2192 935 2253; x_wconf 87' lang='lat' dir='ltr'>Parthicum</span> <span class='ocrx_word' id='word_1_182' title='bbox 957 2195 1014 2251; x_wconf 93' lang='lat' dir='ltr'>iam</span> <span class='ocrx_word' id='word_1_183' title='bbox 1038 2195 1141 2254; x_wconf 87' lang='lat' dir='ltr'>animo</span> 
     </span>
     <span class='ocr_line' id='line_1_24' title="bbox 120 2279 1140 2360; baseline 0.001 -19"><span class='ocrx_word' id='word_1_184' title='bbox 120 2280 254 2341; x_wconf 91' lang='lat' dir='ltr'>molienti</span> <span class='ocrx_word' id='word_1_185' title='bbox 273 2279 357 2360; x_wconf 72' lang='lat' dir='ltr'>Syria</span> <span class='ocrx_word' id='word_1_186' title='bbox 380 2280 514 2341; x_wconf 84' lang='lat' dir='ltr'>decreta:</span> <span class='ocrx_word' id='word_1_187' title='bbox 537 2283 589 2359; x_wconf 92' lang='lat' dir='ltr'>qui</span> <span class='ocrx_word' id='word_1_188' title='bbox 611 2282 656 2339; x_wconf 89' lang='lat' dir='ltr'>vir</span> <span class='ocrx_word' id='word_1_189' title='bbox 679 2288 778 2340; x_wconf 90' lang='lat' dir='ltr'>oetera</span> <span class='ocrx_word' id='word_1_190' title='bbox 802 2283 1007 2341; x_wconf 86' lang='lat' dir='ltr'>sanctissimus</span> <span class='ocrx_word' id='word_1_191' title='bbox 1029 2283 1140 2343; x_wconf 92' lang='lat' dir='ltr'>immu-</span> 
     </span>
     <span class='ocr_line' id='line_1_25' title="bbox 120 2369 1141 2448; baseline 0.001 -19"><span class='ocrx_word' id='word_1_192' title='bbox 120 2372 226 2448; x_wconf 88' lang='lat' dir='ltr'>nisque</span> <span class='ocrx_word' id='word_1_193' title='bbox 260 2369 459 2448; x_wconf 87' lang='lat' dir='ltr'>voluptatibus</span> <span class='ocrx_word' id='word_1_194' title='bbox 492 2386 589 2447; x_wconf 90' lang='lat' dir='ltr'>neque</span> <span class='ocrx_word' id='word_1_195' title='bbox 622 2370 652 2427; x_wconf 94' lang='lat' dir='ltr'>in</span> <span class='ocrx_word' id='word_1_196' title='bbox 685 2371 811 2447; x_wconf 86' lang='lat' dir='ltr'>pecunia</span> <span class='ocrx_word' id='word_1_197' title='bbox 844 2387 941 2448; x_wconf 90' lang='lat' dir='ltr'>neque</span> <span class='ocrx_word' id='word_1_198' title='bbox 977 2371 1009 2428; x_wconf 93' lang='lat' dir='ltr'>in</span> <span class='ocrx_word' id='word_1_199' title='bbox 1043 2369 1141 2448; x_wconf 84' lang='lat' dir='ltr'>gloria</span> 
     </span>
     <span class='ocr_line' id='line_1_26' title="bbox 121 2457 1178 2537; baseline -0.002 -20"><span class='ocrx_word' id='word_1_200' title='bbox 121 2457 357 2537; x_wconf 82' lang='lat' dir='ltr'>concupiscenda</span> <span class='ocrx_word' id='word_1_201' title='bbox 384 2465 435 2517; x_wconf 90' lang='lat' dir='ltr'>aut</span> <span class='ocrx_word' id='word_1_202' title='bbox 462 2457 583 2517; x_wconf 90' lang='lat' dir='ltr'>modum</span> <span class='ocrx_word' id='word_1_203' title='bbox 612 2465 697 2517; x_wconf 92' lang='lat' dir='ltr'>norat</span> <span class='ocrx_word' id='word_1_204' title='bbox 724 2466 775 2518; x_wconf 91' lang='lat' dir='ltr'>aut</span> <span class='ocrx_word' id='word_1_205' title='bbox 802 2457 936 2536; x_wconf 88' lang='lat' dir='ltr'>capiebat</span> <span class='ocrx_word' id='word_1_206' title='bbox 966 2460 1139 2521; x_wconf 80' lang='lat' dir='ltr'>terminum,</span> <span class='ocrx_word' id='word_1_207' title='bbox 1152 2472 1178 2515; x_wconf 78' lang='grc'>13</span> 
     </span>
    </p>

    <p class='ocr_par' dir='ltr' id='par_1_6' title="bbox 91 2543 1140 2804">
     <span class='ocr_line' id='line_1_27' title="bbox 91 2543 1140 2623; baseline 0.004 -18"><span class='ocrx_word' id='word_1_208' title='bbox 91 2545 201 2605; x_wconf 85' lang='grc'><strong>31111113</strong></span> <span class='ocrx_word' id='word_1_209' title='bbox 224 2546 463 2623; x_wconf 85' lang='lat' dir='ltr'>proficiscentem</span> <span class='ocrx_word' id='word_1_210' title='bbox 486 2547 516 2604; x_wconf 92' lang='lat' dir='ltr'>in</span> <span class='ocrx_word' id='word_1_211' title='bbox 539 2543 653 2622; x_wconf 83' lang='lat' dir='ltr'>Syriam</span> <span class='ocrx_word' id='word_1_212' title='bbox 672 2545 745 2606; x_wconf 92' lang='lat' dir='ltr'>diris</span> <span class='ocrx_word' id='word_1_213' title='bbox 768 2565 837 2607; x_wconf 89' lang='lat' dir='ltr'>oum</span> <span class='ocrx_word' id='word_1_214' title='bbox 855 2545 1004 2607; x_wconf 92' lang='lat' dir='ltr'>ominibus</span> <span class='ocrx_word' id='word_1_215' title='bbox 1022 2545 1140 2609; x_wconf 91' lang='lat' dir='ltr'>tribuni</span> 
     </span>
     <span class='ocr_line' id='line_1_28' title="bbox 119 2633 1139 2713; baseline 0.005 -22"><span class='ocrx_word' id='word_1_216' title='bbox 119 2633 158 2712; x_wconf 89' lang='lat' dir='ltr'>pl.</span> <span class='ocrx_word' id='word_1_217' title='bbox 191 2633 303 2693; x_wconf 81' lang='lat' dir='ltr'>frustra</span> <span class='ocrx_word' id='word_1_218' title='bbox 335 2635 465 2693; x_wconf 88' lang='lat' dir='ltr'>retinere</span> <span class='ocrx_word' id='word_1_219' title='bbox 498 2636 608 2693; x_wconf 87' lang='lat' dir='ltr'>conati:</span> <span class='ocrx_word' id='word_1_220' title='bbox 646 2652 773 2713; x_wconf 90' lang='lat' dir='ltr'>quorum</span> <span class='ocrx_word' id='word_1_221' title='bbox 805 2637 1009 2695; x_wconf 82' lang='lat' dir='ltr'>execrationes</span> <span class='ocrx_word' id='word_1_222' title='bbox 1047 2637 1073 2695; x_wconf 92' lang='lat' dir='ltr'>si</span> <span class='ocrx_word' id='word_1_223' title='bbox 1106 2639 1139 2697; x_wconf 92' lang='grc'>111</span> 
     </span>
     <span class='ocr_line' id='line_1_29' title="bbox 120 2721 1139 2804; baseline 0.006 -25"><span class='ocrx_word' id='word_1_224' title='bbox 120 2722 220 2799; x_wconf 91' lang='lat' dir='ltr'>ipsum</span> <span class='ocrx_word' id='word_1_225' title='bbox 248 2721 451 2781; x_wconf 86' lang='lat' dir='ltr'>tantummodo</span> <span class='ocrx_word' id='word_1_226' title='bbox 479 2721 654 2804; x_wconf 82' lang='lat' dir='ltr'>valuissent,</span> <span class='ocrx_word' id='word_1_227' title='bbox 685 2723 742 2783; x_wconf 91' lang='lat' dir='ltr'>vile</span> <span class='ocrx_word' id='word_1_228' title='bbox 774 2726 963 2802; x_wconf 88' lang='lat' dir='ltr'>imperatoris</span> <span class='ocrx_word' id='word_1_229' title='bbox 995 2723 1139 2785; x_wconf 89' lang='lat' dir='ltr'>damnum</span> 
     </span>
    </p>

    <p class='ocr_par' dir='ltr' id='par_1_7' title="bbox 89 2808 1137 2891">
     <span class='ocr_line' id='line_1_30' title="bbox 89 2808 1137 2891; baseline 0.004 -22"><span class='ocrx_word' id='word_1_230' title='bbox 89 2808 200 2869; x_wconf 85' lang='lat' dir='ltr'>4salvo</span> <span class='ocrx_word' id='word_1_231' title='bbox 225 2811 357 2869; x_wconf 86' lang='lat' dir='ltr'>exercitu</span> <span class='ocrx_word' id='word_1_232' title='bbox 382 2809 488 2870; x_wconf 84' lang='lat' dir='ltr'>luisset</span> <span class='ocrx_word' id='word_1_233' title='bbox 509 2813 555 2870; x_wconf 90' lang='lat' dir='ltr'>rei</span> <span class='ocrx_word' id='word_1_234' title='bbox 577 2811 722 2890; x_wconf 86' lang='lat' dir='ltr'>publicae.</span> <span class='ocrx_word' id='word_1_235' title='bbox 759 2820 979 2890; x_wconf 84' lang='lat' dir='ltr'>transgressum</span> <span class='ocrx_word' id='word_1_236' title='bbox 1001 2810 1137 2891; x_wconf 83' lang='lat' dir='ltr'>Euphra·</span> 
     </span>
    </p>
   </div>
   <div class='ocr_carea' id='block_1_3' title="bbox 119 3012 1140 3507">
    <p class='ocr_par' dir='ltr' id='par_1_8' title="bbox 119 3012 1140 3507">
     <span class='ocr_line' id='line_1_31' title="bbox 193 3012 1138 3086; baseline 0.006 -20"><span class='ocrx_word' id='word_1_237' title='bbox 193 3018 206 3066; x_wconf 91' lang='lat'>1</span> <span class='ocrx_word' id='word_1_238' title='bbox 226 3012 371 3068; x_wconf 78' lang='lat' dir='ltr'>tribunatu</span> <span class='ocrx_word' id='word_1_239' title='bbox 389 3015 536 3071; x_wconf 79' lang='lat' dir='ltr'>Heinsius:</span> <span class='ocrx_word' id='word_1_240' title='bbox 559 3018 658 3072; x_wconf 80' lang='lat' dir='ltr'>senatu</span> <span class='ocrx_word' id='word_1_241' title='bbox 675 3017 735 3070; x_wconf 81' lang='grc' dir='ltr'>ΑΡ</span> <span class='ocrx_word' id='word_1_242' title='bbox 809 3023 826 3071; x_wconf 81' lang='grc'>4</span> <span class='ocrx_word' id='word_1_243' title='bbox 845 3019 977 3086; x_wconf 79' lang='lat' dir='ltr'>quaestor</span> <span class='ocrx_word' id='word_1_244' title='bbox 994 3014 1138 3072; x_wconf 88' lang='lat' dir='ltr'>emittere-</span> 
     </span>
     <span class='ocr_line' id='line_1_32' title="bbox 119 3083 1140 3159; baseline 0.006 -22"><span class='ocrx_word' id='word_1_245' title='bbox 119 3086 165 3138; x_wconf 88' lang='lat' dir='ltr'>tur</span> <span class='ocrx_word' id='word_1_246' title='bbox 183 3083 241 3136; x_wconf 85' lang='lat' dir='ltr'>AP</span> <span class='ocrx_word' id='word_1_247' title='bbox 316 3086 545 3142; x_wconf 81' lang='lat' dir='ltr'>5Ptolomaeum</span> <span class='ocrx_word' id='word_1_248' title='bbox 563 3087 591 3140; x_wconf 82' lang='lat' dir='ltr'><em>A</em></span> <span class='ocrx_word' id='word_1_249' title='bbox 668 3094 700 3142; x_wconf 94' lang='lat'>11</span> <span class='ocrx_word' id='word_1_250' title='bbox 720 3087 768 3159; x_wconf 90' lang='lat' dir='ltr'>iis]</span> <span class='ocrx_word' id='word_1_251' title='bbox 791 3087 815 3141; x_wconf 88' lang='lat' dir='ltr'>is</span> <span class='ocrx_word' id='word_1_252' title='bbox 834 3089 892 3142; x_wconf 79' lang='grc' dir='ltr'>ΑΡ</span> <span class='ocrx_word' id='word_1_253' title='bbox 968 3093 1001 3141; x_wconf 86' lang='grc'>14</span> <span class='ocrx_word' id='word_1_254' title='bbox 1024 3091 1140 3156; x_wconf 85' lang='lat' dir='ltr'>gereret</span> 
     </span>
     <span class='ocr_line' id='line_1_33' title="bbox 120 3154 1137 3227; baseline 0.006 -19"><span class='ocrx_word' id='word_1_255' title='bbox 120 3154 249 3224; x_wconf 73' lang='lat' dir='ltr'>Stenqer:</span> <span class='ocrx_word' id='word_1_256' title='bbox 268 3159 367 3226; x_wconf 81' lang='lat' dir='ltr'>ageret</span> <span class='ocrx_word' id='word_1_257' title='bbox 383 3157 442 3211; x_wconf 79' lang='grc' dir='ltr'>ΑΡ</span> <span class='ocrx_word' id='word_1_258' title='bbox 513 3164 546 3212; x_wconf 82' lang='lat'>15</span> <span class='ocrx_word' id='word_1_259' title='bbox 565 3160 595 3212; x_wconf 85' lang='lat' dir='ltr'>et</span> <span class='ocrx_word' id='word_1_260' title='bbox 613 3158 690 3212; x_wconf 81' lang='lat' dir='ltr'>MA:</span> <span class='ocrx_word' id='word_1_261' title='bbox 709 3175 743 3213; x_wconf 89' lang='grc'>33</span> <span class='ocrx_word' id='word_1_262' title='bbox 763 3159 792 3212; x_wconf 94' lang='lat' dir='ltr'><strong><em>P</em></strong></span> <span class='ocrx_word' id='word_1_263' title='bbox 862 3166 895 3214; x_wconf 86' lang='lat'>18</span> <span class='ocrx_word' id='word_1_264' title='bbox 913 3160 994 3214; x_wconf 87' lang='lat' dir='ltr'>vetus</span> <span class='ocrx_word' id='word_1_265' title='bbox 1012 3174 1064 3227; x_wconf 85' lang='lat' dir='ltr'>per</span> <span class='ocrx_word' id='word_1_266' title='bbox 1083 3158 1137 3214; x_wconf 88' lang='lat' dir='ltr'>Ur·</span> 
     </span>
     <span class='ocr_line' id='line_1_34' title="bbox 119 3226 1137 3300; baseline 0.005 -21"><span class='ocrx_word' id='word_1_267' title='bbox 119 3227 209 3280; x_wconf 78' lang='lat' dir='ltr'>sinus:</span> <span class='ocrx_word' id='word_1_268' title='bbox 228 3226 321 3281; x_wconf 85' lang='grc'><strong>11131113</strong></span> <span class='ocrx_word' id='word_1_269' title='bbox 339 3245 404 3297; x_wconf 82' lang='lat' dir='ltr'>pers</span> <span class='ocrx_word' id='word_1_270' title='bbox 422 3228 481 3281; x_wconf 82' lang='grc' dir='ltr'>ΑΡ</span> <span class='ocrx_word' id='word_1_271' title='bbox 551 3235 586 3282; x_wconf 78' lang='lat'>20</span> <span class='ocrx_word' id='word_1_272' title='bbox 605 3227 660 3282; x_wconf 84' lang='lat' dir='ltr'>hiis</span> <span class='ocrx_word' id='word_1_273' title='bbox 678 3229 719 3298; x_wconf 80' lang='lat' dir='ltr'>A,</span> <span class='ocrx_word' id='word_1_274' title='bbox 737 3230 782 3284; x_wconf 88' lang='lat' dir='ltr'>his</span> <span class='ocrx_word' id='word_1_275' title='bbox 802 3231 830 3283; x_wconf 92' lang='lat' dir='ltr'><em>P</em></span> <span class='ocrx_word' id='word_1_276' title='bbox 854 3230 858 3300; x_wconf 77' lang='grc' dir='ltr'>Ι</span> <span class='ocrx_word' id='word_1_277' title='bbox 883 3230 976 3299; x_wconf 81' lang='lat' dir='ltr'>legem</span> <span class='ocrx_word' id='word_1_278' title='bbox 993 3245 1080 3296; x_wconf 77' lang='lat' dir='ltr'>quem</span> <span class='ocrx_word' id='word_1_279' title='bbox 1100 3230 1137 3300; x_wconf 89' lang='lat' dir='ltr'>P,</span> 
     </span>
     <span class='ocr_line' id='line_1_35' title="bbox 119 3296 1137 3370; baseline 0.005 -21"><span class='ocrx_word' id='word_1_280' title='bbox 119 3296 196 3365; x_wconf 85' lang='lat' dir='ltr'>leges</span> <span class='ocrx_word' id='word_1_281' title='bbox 215 3315 285 3366; x_wconf 80' lang='lat' dir='ltr'>ques</span> <span class='ocrx_word' id='word_1_282' title='bbox 302 3298 331 3352; x_wconf 79' lang='lat' dir='ltr'><strong><em>A</em></strong></span> <span class='ocrx_word' id='word_1_283' title='bbox 415 3304 449 3353; x_wconf 77' lang='lat'>22</span> <span class='ocrx_word' id='word_1_284' title='bbox 468 3298 629 3367; x_wconf 82' lang='lat' dir='ltr'>provinciae</span> <span class='ocrx_word' id='word_1_285' title='bbox 647 3314 697 3354; x_wconf 87' lang='lat' dir='ltr'>om.</span> <span class='ocrx_word' id='word_1_286' title='bbox 715 3301 743 3353; x_wconf 80' lang='lat' dir='ltr'><em>A</em></span> <span class='ocrx_word' id='word_1_287' title='bbox 760 3305 764 3369; x_wconf 83' lang='grc' dir='ltr'>Ι</span> <span class='ocrx_word' id='word_1_288' title='bbox 780 3301 838 3354; x_wconf 83' lang='lat' dir='ltr'>iem</span> <span class='ocrx_word' id='word_1_289' title='bbox 856 3301 1002 3354; x_wconf 78' lang='lat' dir='ltr'>Heinsius:</span> <span class='ocrx_word' id='word_1_290' title='bbox 1020 3299 1051 3353; x_wconf 90' lang='lat' dir='ltr'>in</span> <span class='ocrx_word' id='word_1_291' title='bbox 1069 3301 1137 3370; x_wconf 78' lang='grc' dir='ltr'>ΑΡ,</span> 
     </span>
     <span class='ocr_line' id='line_1_36' title="bbox 119 3367 1136 3442; baseline 0.007 -22"><span class='ocrx_word' id='word_1_292' title='bbox 119 3382 169 3421; x_wconf 75' lang='lat' dir='ltr'>oro.</span> <span class='ocrx_word' id='word_1_293' title='bbox 188 3367 305 3424; x_wconf 77' lang='lat' dir='ltr'>Clodius</span> <span class='ocrx_word' id='word_1_294' title='bbox 368 3375 402 3424; x_wconf 79' lang='lat'>26</span> <span class='ocrx_word' id='word_1_295' title='bbox 423 3369 561 3423; x_wconf 87' lang='lat' dir='ltr'>ominibus</span> <span class='ocrx_word' id='word_1_296' title='bbox 580 3371 620 3424; x_wconf 84' lang='lat' dir='ltr'>A:</span> <span class='ocrx_word' id='word_1_297' title='bbox 640 3370 768 3425; x_wconf 88' lang='lat' dir='ltr'>omnibus</span> <span class='ocrx_word' id='word_1_298' title='bbox 788 3371 816 3425; x_wconf 95' lang='lat' dir='ltr'><strong><em>P</em></strong></span> <span class='ocrx_word' id='word_1_299' title='bbox 878 3377 911 3427; x_wconf 77' lang='lat'>28</span> <span class='ocrx_word' id='word_1_300' title='bbox 930 3370 987 3426; x_wconf 87' lang='lat' dir='ltr'>uile</span> <span class='ocrx_word' id='word_1_301' title='bbox 1005 3371 1136 3442; x_wconf 72' lang='lat' dir='ltr'>Idpsius:</span> 
     </span>
     <span class='ocr_line' id='line_1_37' title="bbox 119 3437 574 3507; baseline 0.009 -17"><span class='ocrx_word' id='word_1_302' title='bbox 119 3437 188 3491; x_wconf 84' lang='lat' dir='ltr'>utile</span> <span class='ocrx_word' id='word_1_303' title='bbox 206 3439 277 3506; x_wconf 81' lang='grc' dir='ltr'>ΑΡ,</span> <span class='ocrx_word' id='word_1_304' title='bbox 296 3440 330 3506; x_wconf 81' lang='lat' dir='ltr'>ef.</span> <span class='ocrx_word' id='word_1_305' title='bbox 352 3439 416 3495; x_wconf 82' lang='lat' dir='ltr'>Tae.</span> <span class='ocrx_word' id='word_1_306' title='bbox 436 3439 471 3493; x_wconf 83' lang='lat' dir='ltr'>A.</span> <span class='ocrx_word' id='word_1_307' title='bbox 491 3444 521 3507; x_wconf 79' lang='lat'>2,</span> <span class='ocrx_word' id='word_1_308' title='bbox 539 3445 574 3494; x_wconf 81' lang='lat'>85</span> 
     </span>
    </p>
   </div>
   <div class='ocr_carea' id='block_1_4' title="bbox 0 0 1222 3848">
    <p class='ocr_par' dir='ltr' id='par_1_9' title="bbox 0 0 1222 3848">
     <span class='ocr_line' id='line_1_38' title="bbox 0 0 1222 3848; baseline 0 0"><span class='ocrx_word' id='word_1_309' title='bbox 0 0 1222 3848; x_wconf 95' lang='lat' dir='ltr'> </span> 
     </span>
    </p>
   </div>
  </div>
 </body>
</html>
