2414 3854
135 167 178 231 80
627 167 654 222 11

135 353 206 396 suae
230 334 349 395 Cassius
372 336 461 394 etiam
484 333 568 394 Bruti
592 333 778 394 clementiam
800 335 941 395 vinceret.
980 351 1076 410 neque
1101 350 1146 390 re-

134 425 246 504 perias,
277 441 352 501 quos
381 430 432 483 aut
461 425 584 501 pronior
611 423 729 483 fortuna
760 423 897 482 comitata
921 423 960 481 sit
982 428 1033 482 aut
1055 420 1148 480 veluti

135 512 254 590 latigata
276 513 423 572 maturius
447 511 616 571 destituerit
639 528 728 588 quam
750 509 876 571 Brutum
900 518 929 570 et
952 508 1095 570 Cassium.

105 615 120 662 1
226 598 277 662 70.
313 600 389 661 Tum
417 598 524 660 Caesar
552 607 582 658 et
608 598 753 660 Antonius
783 601 966 660 traiecerunt
998 601 1148 659 exercitus

133 692 166 749 in
180 688 380 750 Macedoniam
404 696 434 748 ct
456 687 534 766 apud
557 686 663 748 urbem
677 686 829 766 Philippos
843 705 912 747 cum
926 686 1018 748 Bruto
1034 687 1175 747 Cassio-⁵

135 797 193 856 que
217 780 279 838 acic
303 784 530 837 concurrerunt.
576 794 684 856 cornu,
712 778 761 835 cui
783 775 896 836 Brutus
918 783 1067 856 praeerat,
1094 779 1148 836 im·

134 866 229 946 pulsis
257 864 395 926 hostibus
425 872 521 925 castra
548 863 682 926 Caesaris
715 866 794 943 cepit
825 857 909 946 (narn
940 866 1004 943 ipse
1033 863 1150 945 Caesar,

135 956 251 1019 etiamsi
273 954 493 1014 infirmissimus
515 953 681 1014 valetudine
705 960 781 1034 erat,
810 951 909 1012 obibat
931 955 1032 1013 munia
1055 953 1149 1033 duciS,

135 1051 237 1103 oratus
260 1044 348 1102 etiam
371 1042 407 1102 ab
430 1042 548 1103 Artorio
572 1041 700 1120 medico,
728 1059 765 1101 ne
788 1044 820 1101 in
843 1043 949 1102 castris
972 1050 1150 1122 remaneret,

135 1131 289 1193 manifesta
312 1131 536 1194 denuntiatione
560 1133 668 1209 quietis
691 1123 826 1211 territo),
849 1130 880 1189 id
903 1137 1015 1209 autem,
1037 1132 1069 1190 in
1088 1148 1148 1209 quo
1164 1143 1189 1182 1⁰

136 1219 256 1280 Cassius
285 1221 395 1300 luerat,
423 1220 557 1298 iugatum
584 1237 617 1278 ac
645 1218 719 1278 male
748 1218 909 1278 mulcatum
936 1221 967 1278 in
991 1219 1095 1279 altiora
1117 1238 1150 1280 sc

105 1316 291 1388 treceperat
322 1308 395 1368 loca.
450 1315 514 1367 tum
545 1307 664 1367 Cassius
702 1325 737 1367 ex
770 1324 823 1366 sua
860 1308 978 1367 fortuna
1011 1315 1150 1368 eventum
1199 1341 1201 1353 ι

137 1396 264 1474 collegae
294 1397 465 1476 aestimans,
496 1414 564 1455 cum
592 1395 753 1455 dimisisset
776 1402 930 1455 evocatum
952 1397 1148 1474 iussissetque

135 1487 273 1545 nuntiare
296 1483 366 1564 sibi,
390 1501 465 1563 quae
489 1490 569 1544 essct
590 1482 749 1544 multitudo
768 1500 802 1544 ac
816 1486 860 1543 vis
883 1483 1050 1564 hominum,
1073 1502 1149 1562 quae

135 1573 172 1633 ad
196 1591 227 1633 se
251 1572 402 1653 tenderet,
424 1572 539 1632 tardius
562 1590 597 1632 eo
620 1573 789 1654 nuntiante,
813 1590 882 1632 cum
895 1574 926 1631 in
949 1574 1045 1633 vicino
1069 1581 1190 1632 esset1⁵

136 1679 241 1740 agmen
265 1680 356 1722 cursu
380 1661 416 1720 ad
440 1678 509 1721 eum
531 1661 717 1721 tendentium
731 1678 828 1738 neque
851 1660 972 1740 pulvere
993 1662 1084 1721 iacies
1098 1669 1150 1721 aut

137 1753 220 1828 signa
243 1751 378 1810 denotari
400 1757 536 1831 possent,
560 1751 731 1809 existimans
753 1748 855 1809 hostes
876 1767 956 1831 esse,
979 1751 1031 1828 qui
1053 1751 1148 1809 irrue·

136 1846 217 1920 rent,
240 1838 358 1899 lacerna
381 1847 469 1917 caput
492 1838 688 1898 circumdedit
704 1844 912 1915 extentamque
936 1840 1083 1898 cervicem
1105 1840 1149 1897 in·

106 1929 260 1988 sterritus
292 1926 399 1987 liberto
430 1925 576 2006 praebuit.
631 1925 781 1986 deciderat
813 1925 906 1986 Cassii
942 1934 1044 2006 caput,
1081 1944 1150 1986 cum

137 2023 277 2075 evocatus
313 2015 431 2075 advenit
462 2015 603 2075 nuntians
634 2013 761 2075 Brutum
794 2033 859 2075 esse
891 2016 1043 2075 victorem.
1098 2017 1150 2092 qui
1164 2024 1191 2064 ²⁰

138 2121 206 2162 cum
222 2105 433 2182 imperatorem
446 2110 630 2183 prostratum
643 2103 771 2184 videret,
794 2121 915 2183 sequar,
938 2105 1048 2183 inquit,
1072 2121 1150 2184 eorm,

138 2209 226 2271 quem
258 2209 323 2251 mea
355 2192 464 2252 occidit
491 2192 626 2271 tarditas,
659 2199 689 2251 et
719 2193 760 2252 ita
787 2193 819 2251 in
847 2191 976 2271 gladium
1005 2190 1150 2252 incubuit.

106 2288 206 2358 4post
227 2299 338 2360 paucos
361 2280 467 2341 deinde
490 2280 554 2341 dies
574 2279 686 2341 Brutus
709 2280 840 2340 conflixit
864 2299 932 2341 cum
961 2278 1097 2340 hostibus
1120 2287 1151 2340 et

138 2370 234 2429 victus
257 2371 319 2430 acie
344 2387 412 2430 cum
434 2372 466 2429 in
489 2368 637 2430 tumulum
659 2376 747 2429 nocte
771 2387 808 2428 ex
830 2369 899 2447 fuga
923 2386 954 2428 se
978 2371 1150 2448 recepisset,

137 2459 306 2536 impetravit
333 2476 349 2517 a
372 2457 510 2518 Stratone
541 2457 681 2538 Aegeate,
708 2456 845 2516 familiari
872 2474 941 2537 suo,
968 2464 1002 2517 ut
1030 2474 1151 2517 manum
1165 2467 1196 2509 85-

106 2546 282 2605 cmorituro
311 2546 512 2606 commodaret
539 2545 609 2626 sihi3
639 2547 811 2623 reiectoque
837 2542 920 2604 laevo
948 2564 1039 2624 super
1062 2553 1151 2624 caput

137 2630 272 2713 brachio,
296 2651 364 2693 cum
386 2651 560 2694 mucronem
577 2632 665 2712 gladii
679 2635 743 2693 eius
757 2633 879 2693 dextera
892 2640 999 2694 tenens
1013 2635 1150 2694 sinistrae

138 2720 315 2781 admovisset
338 2721 512 2782 mammillae
527 2722 563 2782 ad
584 2739 653 2782 eum
666 2724 765 2801 ipsum
787 2721 899 2802 locum,
922 2740 980 2801 qua
1004 2739 1055 2782 cor
1079 2723 1150 2782 emi·

139 2817 198 2889 cat,
226 2808 380 2888 impellens
410 2828 441 2870 se
470 2811 501 2869 in
525 2809 630 2871 vulnus
653 2829 713 2871 uno
737 2811 800 2870 ictu
823 2810 983 2871 transfixus
1006 2812 1151 2890 expiravit

137 2899 284 2976 protinus.
1163 2911 1189 2951 ao

209 3091 225 3138 5
245 3103 308 3140 cum
326 3085 456 3156 Stanqer:
481 3103 544 3139 cum
562 3085 599 3140 M.
617 3085 677 3138 ΑΡ
800 3093 834 3141 10
852 3086 999 3142 manifeste
1017 3086 1084 3156 ΑΡ,
1102 3104 1151 3142 ern.

138 3157 272 3212 Heinsius
290 3158 466 3227 (manifestae
491 3157 673 3225 Vaccooanus)
757 3163 790 3211 11
809 3158 977 3212 mulctatum
994 3157 1030 3226 A,
1049 3158 1152 3212 multo-

137 3231 198 3281 tum
218 3229 252 3295 P,
271 3245 318 3284 eru.
340 3229 503 3297 Puteanus!
521 3243 550 3282 so
568 3229 632 3283 odd.
652 3228 780 3284 Gelenius
888 3235 922 3283 14
938 3229 1063 3284 nuntiari
1080 3230 1107 3283 A
1126 3235 1152 3284 et

139 3299 256 3354 Clodius
330 3307 364 3355 22
384 3299 515 3357 occubuit
532 3298 560 3352 A
638 3305 673 3353 24
690 3299 721 3353 in
738 3299 890 3354 tumultum
908 3299 968 3353 ΑΡ
1046 3305 1080 3355 25
1099 3300 1151 3355 im·

137 3370 249 3492 peronii
265 3371 415 3426 Astratone
435 3369 614 3440 AegeaiaoA
662 3374 696 3424 28
714 3370 858 3426 mamillae
872 3371 899 3424 A
950 3376 984 3425 29
1003 3371 1151 3454 expirandi.

160 3441 273 3494 rotenus
297 3442 437 3511 (Protinus
459 3441 496 3511 P)
520 3440 653 3496 Messalla
676 3441 808 3510 (Messala
825 3442 863 3511 A)
889 3440 955 3509 ΑΡ,
978 3457 1064 3512 oxprr.
1088 3459 1152 3512 pro·
