2414 3854
149 183 193 246 92
643 182 730 257 Π.

150 346 318 426 Cleopatra:
363 346 509 407 Antonius
545 347 685 426 fugientis
722 347 841 424 reginae
879 324 967 424 qiram
1003 348 1164 424 pugnantis

150 436 251 496 militis
279 437 326 495 sui
354 453 454 495 oomes
482 453 547 495 esse
576 434 679 495 maluit
706 442 737 494 et
763 437 938 514 imperator,
971 435 1023 512 qui
1055 435 1084 492 in
1113 434 1163 494 de-

151 533 281 585 sertores
314 526 426 584 saevire
459 522 614 604 debuerat,
646 522 783 583 desertor
810 524 958 583 exercitus
988 523 1035 582 sui
1067 522 1164 583 factus

119 621 204 673 aest.
249 611 308 672 illis
337 615 425 673 etiam
453 612 586 672 detracto
610 613 705 690 capite
729 613 758 670 in
782 610 903 689 longum
926 611 1087 670 fortissime
1110 630 1164 690 pu-

150 701 259 780 gnandi
282 700 398 760 durarit
422 701 585 759 constantia
609 708 638 759 et
661 699 816 779 desperata
836 701 959 759 victoria
982 701 1014 758 iu
1036 707 1193 759 mortem5

151 788 354 848 dimicabatur.
396 786 516 868 Caesar,
540 805 615 865 quos
632 788 712 848 ferro
726 795 843 867 poterat
857 789 1043 867 interimere,
1066 786 1166 846 verbis

151 875 282 937 mulcere
311 877 435 955 cupiens
462 875 674 955 clamitansque
697 884 727 937 et
751 875 910 936 ostendens
940 876 1052 954 fugisse
1075 875 1165 935 Anto-

120 967 247 1045 5nium‚
270 963 446 1045 quaerebat,
467 981 522 1043 pro
547 982 605 1041 quo
629 972 659 1025 et
682 982 751 1024 cum
769 982 827 1042 qno
850 972 1026 1043 pugnarent.
1072 963 1167 1033 atilli

152 1070 221 1112 cum
244 1052 294 1112 diu
321 1070 377 1131 pro
401 1051 522 1113 absente
551 1052 741 1112 dimicassent
768 1053 856 1132 duce,
884 1070 971 1130 aegre
1000 1053 1167 1112 summissis

151 1143 242 1201 armis
265 1159 383 1200 cessere
397 1143 565 1219 victoriam,
589 1142 736 1219 citiusque
759 1142 849 1200 vitam
870 1142 1044 1219 veniamque
1058 1138 1167 1199 Caesar
1182 1152 1203 1188 1·

150 1231 300 1309 promisit,
329 1247 417 1306 quam
445 1229 502 1288 illis
531 1235 565 1288 ut
593 1246 657 1287 eam
684 1235 880 1306 precarentur
908 1245 1084 1307 persuasum
1107 1236 1166 1307 est;

153 1317 269 1394 fuitque
292 1318 324 1375 in
338 1316 474 1376 confesso
489 1315 597 1375 milites
612 1317 715 1394 optimi
731 1318 933 1397 imperatoris,
956 1318 1168 1395 imperatorem

121 1405 335 1482 olugacissimi
357 1403 460 1464 militis
490 1405 626 1464 functum
649 1403 759 1485 officio,
786 1411 821 1464 ut
848 1403 979 1485 dubites
1007 1422 1100 1465 suone
1129 1422 1166 1464 an

154 1490 325 1570 Cleopatrae
350 1491 472 1551 arbitrio
494 1493 647 1551 victoriam
670 1499 890 1579 temperaturus
919 1493 1023 1574 fuerit,
1051 1495 1103 1571 qui
1130 1492 1166 1552 ad

154 1583 219 1640 eius
251 1578 407 1639 arbitrium
440 1580 582 1639 direxerit
614 1580 721 1659 fugam.
776 1580 854 1640 idem
886 1581 1000 1641 locatus
1027 1583 1058 1640 in
1085 1588 1193 1640 terra1

153 1668 224 1729 lecit
247 1669 410 1749 exercitus,
438 1665 507 1727 cum
530 1686 562 1727 se
586 1666 726 1729 Canidius
749 1670 904 1748 praecipiti
927 1670 995 1747 fuga
1019 1670 1168 1748 rapuisset

151 1755 187 1816 ad
210 1756 378 1816 Antonium.

123 1857 136 1903 1
243 1841 294 1904 86.
332 1841 409 1913 Quid
432 1842 481 1902 ille
505 1843 568 1903 dies
583 1852 732 1904 terrarum
746 1843 811 1904 orbi
833 1846 1028 1923 praestiterit,
1051 1862 1088 1904 ex
1107 1863 1167 1922 quo

153 1933 184 1991 in
208 1949 297 2008 quem
321 1938 430 1991 statum
456 1933 626 2009 pervenerit
654 1931 773 1991 fortuna
800 1931 930 2012 publica,
958 1934 1025 2010 quis
1052 1934 1083 1992 in
1110 1932 1167 1992 hoc

122 2025 329 2079 atranscursu
356 2026 415 2078 tam
443 2020 532 2079 artati
558 2021 657 2098 operis
685 2021 851 2099 exprimere
882 2015 1009 2079 audeat?
1044 2022 1168 2081 victoria
1183 2034 1205 2072 2·

154 2125 224 2166 vero
256 2107 313 2167 fuit
345 2105 587 2188 clementissima,
619 2125 675 2167 nec
707 2110 863 2186 quisquam
895 2110 1093 2187 interemptus
1121 2117 1169 2170 est

152 2196 339 2274 paucissimis
372 2197 517 2277 exceptis,
555 2197 606 2273 qui
638 2213 675 2255 ne
709 2195 862 2274 deprecari
894 2195 1015 2274 quidem
1046 2214 1101 2275 pro
1135 2215 1167 2256 se

152 2285 345 2344 sustinerent.
391 2301 428 2343 ex
449 2301 513 2361 ¹qua
545 2282 665 2343 lenitate
693 2282 778 2343 ducis
805 2283 903 2361 colligi
934 2285 1045 2364 potuit,
1077 2302 1168 2362 quem

152 2379 204 2432 aut
226 2373 311 2432 initio
334 2373 539 2432 triumviratus
562 2373 609 2431 sui
632 2378 683 2431 aut
704 2372 736 2430 in
760 2373 871 2450 campis
893 2371 1061 2452 Philippiis,
1090 2373 1115 2431 si
1138 2374 1167 2431 ei

151 2459 298 2540 licuisset,
322 2461 461 2520 victoriae
483 2477 554 2519 suae
577 2460 710 2519 facturus
735 2459 825 2519 fuerit
838 2461 966 2520 modum.
1004 2467 1033 2520 at
1047 2458 1167 2520 Sosium
1182 2474 1207 2512 2⁴

224 2616 242 2664 4
261 2610 347 2665 eliam
364 2611 433 2666 AP:
462 2611 537 2667 enim
561 2611 601 2666 cd.
627 2609 707 2664 Orell.
726 2613 835 2680 errore!
857 2610 1012 2667 detrectsto
1030 2612 1095 2680 ΑΡ,
1119 2629 1168 2667 esu.

160 2680 334 2735 Vuscosuuus
425 2688 456 2735 11
476 2698 539 2737 eam
557 2680 722 2736 Salmasius:
741 2697 775 2736 es
792 2681 851 2735 ΑΡ
946 2688 979 2736 12
997 2681 1054 2737 fuit
1071 2682 1120 2752 qui
1137 2682 1169 2737 in

154 2749 291 2806 confessio
309 2752 337 2805 A
420 2758 453 2806 13
473 2751 565 2807 officio
583 2767 634 2805 om.
652 2752 680 2805 A
697 2752 701 2821 l
717 2754 750 2806 ut
767 2751 878 2807 dubites
896 2769 984 2808 suone
1001 2753 1106 2808 Bauer:
1124 2753 1168 2807 ui-

144 2820 260 2889 ¹debites
278 2839 313 2877 ns
327 2821 364 2890 A,
382 2820 492 2878 uidebit
510 2840 525 2896 e
543 2839 595 2877 suo
611 2821 640 2874 P
656 2821 794 2890 (functum
812 2823 880 2879 vice.
899 2823 1054 2879 Dubitesne
1071 2823 1167 2892 Ocella)

206 2897 241 2945 14
259 2891 352 2947 fuerat
369 2893 428 2947 ΑΡ
534 2898 566 2947 15
586 2893 645 2948 eius
667 2891 765 2964 fugam
785 2893 933 2949 arbitrium
951 2895 978 2948 d.
996 2895 1094 2964 fugam
1111 2894 1164 2967 ΑΙ

154 2960 276 3019 *direxit
292 2964 369 3033 ΑΡΙ
385 2963 414 3018 in
432 2965 508 3019 terra
526 2963 643 3032 (interea
660 2979 681 3019 o.
701 2965 730 3033 l.)
749 2965 777 3017 A
872 2971 906 3020 22
924 2963 1101 3047 paucissimis
1120 2981 1167 3019 ex·

154 3032 243 3104 ceptis
257 3035 405 3090 Bubulcum
423 3034 587 3118 paucissimi
605 3037 634 3090 st
651 3035 683 3088 hi
695 3034 761 3103 AP,
779 3034 834 3090 nisi
850 3035 1015 3105 paucissimi
1032 3038 1063 3090 et
1079 3034 1167 3090 iide-

152 3106 253 3173 lcuc'us,
276 3105 438 3176 paucissim1
460 3104 543 3161 eiecti
565 3107 623 3174 ipsc
645 3106 783 3174 quondum
798 3107 803 3173 1
819 3106 868 3173 qui
886 3107 961 3178 depr.
982 3105 1096 3174 quidem
1113 3123 1166 3210 pro

152 3193 257 3232 senon
274 3179 340 3232 sust.
358 3178 424 3246 ΑΡ,
445 3193 492 3232 em.
510 3177 647 3231 Heinsius
719 3182 754 3230 24
771 3175 936 3248 Philippicis
954 3176 1102 3245 Gelenius}
1142 3176 1166 3230 si

151 3245 190 3302 ei:
209 3246 248 3302 sic
262 3248 298 3315 Α,
318 3247 342 3302 si
361 3248 401 3304 sic
419 3248 452 3317 P,
473 3248 497 3303 si
515 3247 608 3302 Bursa
679 3251 714 3302 25
732 3247 846 3302 modum
864 3248 928 3302 add.
947 3246 1100 3303 Rbeuuuus
1115 3249 1120 3314 Ι
1136 3248 1167 3301 at

151 3317 261 3376 Sosium
279 3319 311 3373 L.
326 3319 453 3374 Arruntii
472 3318 628 3374 Puteanus:
647 3317 684 3372 sd
703 3317 804 3373 solium
823 3316 933 3387 (folium
948 3317 989 3387 P)
1008 3318 1122 3372 ulerunt
1136 3317 1166 3375 in

148 3387 215 3524 issi
233 3389 325 3514 gasat
336 3390 455 3472 dubito,
478 3405 539 3444 cion
556 3389 701 3459 particula
720 3389 893 3445 adversativa
906 3405 1012 3459 parum
1030 3393 1098 3459 apta
1115 3389 1165 3457 sit;

163 3474 213 3514 or.
256 3503 262 3516 .
303 3476 392 3514 osium
