<?xml version="1.0" encoding="UTF-8"?>
<!DOCTYPE html PUBLIC "-//W3C//DTD XHTML 1.0 Transitional//EN"
    "http://www.w3.org/TR/xhtml1/DTD/xhtml1-transitional.dtd">
<html xmlns="http://www.w3.org/1999/xhtml" xml:lang="en" lang="en">
 <head>
  <title>
</title>
<meta http-equiv="Content-Type" content="text/html;charset=utf-8" />
  <meta name='ocr-system' content='tesseract 3.04.00' />
  <meta name='ocr-capabilities' content='ocr_page ocr_carea ocr_par ocr_line ocrx_word'/>
</head>
<body>
  <div class='ocr_page' id='page_1' title='image "./exhistoriaeroma00pategoog_0070.png"; bbox 0 0 2422 3848; ppageno 0'>
   <div class='ocr_carea' id='block_1_1' title="bbox 519 156 1109 222">
    <p class='ocr_par' dir='ltr' id='par_1_1' title="bbox 519 156 1109 222">
     <span class='ocr_line' id='line_1_1' title="bbox 519 156 1109 222; baseline 0.002 -12"><span class='ocrx_word' id='word_1_1' title='bbox 519 173 542 210; x_wconf 90' lang='lat' dir='ltr'>c.</span> <span class='ocrx_word' id='word_1_2' title='bbox 562 162 686 213; x_wconf 78' lang='lat'>43-45.</span> <span class='ocrx_word' id='word_1_3' title='bbox 1067 156 1109 222; x_wconf 86' lang='lat'>59</span> 
     </span>
    </p>
   </div>
   <div class='ocr_carea' id='block_1_2' title="bbox 52 321 1141 2345">
    <p class='ocr_par' dir='ltr' id='par_1_2' title="bbox 52 321 1141 2345">
     <span class='ocr_line' id='line_1_2' title="bbox 95 321 1109 401; baseline 0.003 -21"><span class='ocrx_word' id='word_1_4' title='bbox 95 323 203 382; x_wconf 88' lang='lat' dir='ltr'>civium</span> <span class='ocrx_word' id='word_1_5' title='bbox 227 339 262 381; x_wconf 94' lang='lat' dir='ltr'>eo</span> <span class='ocrx_word' id='word_1_6' title='bbox 285 321 412 383; x_wconf 87' lang='lat' dir='ltr'>deducta</span> <span class='ocrx_word' id='word_1_7' title='bbox 435 329 465 382; x_wconf 88' lang='lat' dir='ltr'>et</span> <span class='ocrx_word' id='word_1_8' title='bbox 487 325 534 383; x_wconf 91' lang='lat' dir='ltr'>ius</span> <span class='ocrx_word' id='word_1_9' title='bbox 553 322 636 383; x_wconf 92' lang='lat' dir='ltr'>urbis</span> <span class='ocrx_word' id='word_1_10' title='bbox 655 325 827 384; x_wconf 88' lang='lat' dir='ltr'>restitutum</span> <span class='ocrx_word' id='word_1_11' title='bbox 849 331 918 401; x_wconf 89' lang='lat' dir='ltr'>post</span> <span class='ocrx_word' id='word_1_12' title='bbox 936 341 1028 384; x_wconf 90' lang='lat' dir='ltr'>annos</span> <span class='ocrx_word' id='word_1_13' title='bbox 1052 326 1109 383; x_wconf 92' lang='lat' dir='ltr'>cir-</span> 
     </span>
     <span class='ocr_line' id='line_1_3' title="bbox 96 410 1109 490; baseline 0.004 -22"><span class='ocrx_word' id='word_1_14' title='bbox 96 411 170 469; x_wconf 83' lang='lat' dir='ltr'>citer</span> <span class='ocrx_word' id='word_1_15' title='bbox 198 417 318 471; x_wconf 89' lang='lat' dir='ltr'>centum</span> <span class='ocrx_word' id='word_1_16' title='bbox 351 413 563 489; x_wconf 83' lang='lat' dir='ltr'>quinquaginta</span> <span class='ocrx_word' id='word_1_17' title='bbox 596 411 670 471; x_wconf 93' lang='lat' dir='ltr'>duos</span> <span class='ocrx_word' id='word_1_18' title='bbox 703 429 791 490; x_wconf 89' lang='lat' dir='ltr'>quam</span> <span class='ocrx_word' id='word_1_19' title='bbox 822 410 900 471; x_wconf 89' lang='lat' dir='ltr'>bello</span> <span class='ocrx_word' id='word_1_20' title='bbox 927 411 1040 472; x_wconf 89' lang='lat' dir='ltr'>Punico</span> <span class='ocrx_word' id='word_1_21' title='bbox 1073 412 1109 472; x_wconf 90' lang='lat' dir='ltr'>ab</span> 
     </span>
     <span class='ocr_line' id='line_1_4' title="bbox 95 497 1140 579; baseline 0.002 -22"><span class='ocrx_word' id='word_1_22' title='bbox 95 497 235 558; x_wconf 90' lang='lat' dir='ltr'>Romanis</span> <span class='ocrx_word' id='word_1_23' title='bbox 258 497 357 579; x_wconf 81' lang='lat' dir='ltr'>Capua</span> <span class='ocrx_word' id='word_1_24' title='bbox 379 502 411 559; x_wconf 93' lang='lat' dir='ltr'>in</span> <span class='ocrx_word' id='word_1_25' title='bbox 434 500 560 559; x_wconf 84' lang='lat' dir='ltr'>sormam</span> <span class='ocrx_word' id='word_1_26' title='bbox 581 500 787 579; x_wconf 77' lang='lat' dir='ltr'>praefecturae</span> <span class='ocrx_word' id='word_1_27' title='bbox 810 499 930 561; x_wconf 90' lang='lat' dir='ltr'>redacta</span> <span class='ocrx_word' id='word_1_28' title='bbox 953 509 1025 560; x_wconf 90' lang='lat' dir='ltr'>erat.</span> <span class='ocrx_word' id='word_1_29' title='bbox 1062 499 1140 560; x_wconf 64' lang='grc' dir='ltr'>ΒΜ</span> 
     </span>
     <span class='ocr_line' id='line_1_5' title="bbox 95 586 1111 669; baseline 0.002 -23"><span class='ocrx_word' id='word_1_30' title='bbox 95 586 197 666; x_wconf 89' lang='lat' dir='ltr'>buius,</span> <span class='ocrx_word' id='word_1_31' title='bbox 227 587 338 666; x_wconf 90' lang='lat' dir='ltr'>collega</span> <span class='ocrx_word' id='word_1_32' title='bbox 366 587 512 669; x_wconf 82' lang='lat' dir='ltr'>Caesaris,</span> <span class='ocrx_word' id='word_1_33' title='bbox 545 607 614 649; x_wconf 92' lang='lat' dir='ltr'>cum</span> <span class='ocrx_word' id='word_1_34' title='bbox 645 590 777 648; x_wconf 86' lang='lat' dir='ltr'>actiones</span> <span class='ocrx_word' id='word_1_35' title='bbox 811 591 875 648; x_wconf 90' lang='lat' dir='ltr'>eius</span> <span class='ocrx_word' id='word_1_36' title='bbox 903 590 996 667; x_wconf 88' lang='lat' dir='ltr'>magis</span> <span class='ocrx_word' id='word_1_37' title='bbox 1022 588 1111 648; x_wconf 87' lang='lat' dir='ltr'>vellet</span> 
     </span>
     <span class='ocr_line' id='line_1_6' title="bbox 67 675 1110 758; baseline 0.005 -26"><span class='ocrx_word' id='word_1_38' title='bbox 67 676 239 754; x_wconf 79' lang='lat' dir='ltr'>eimpedire</span> <span class='ocrx_word' id='word_1_39' title='bbox 263 694 352 754; x_wconf 90' lang='lat' dir='ltr'>quam</span> <span class='ocrx_word' id='word_1_40' title='bbox 369 684 484 758; x_wconf 90' lang='lat' dir='ltr'>posset,</span> <span class='ocrx_word' id='word_1_41' title='bbox 507 677 618 737; x_wconf 90' lang='lat' dir='ltr'>maiore</span> <span class='ocrx_word' id='word_1_42' title='bbox 641 684 726 756; x_wconf 90' lang='lat' dir='ltr'>parte</span> <span class='ocrx_word' id='word_1_43' title='bbox 749 679 819 737; x_wconf 95' lang='lat' dir='ltr'>anni</span> <span class='ocrx_word' id='word_1_44' title='bbox 842 675 922 736; x_wconf 91' lang='lat' dir='ltr'>domi</span> <span class='ocrx_word' id='word_1_45' title='bbox 945 694 977 736; x_wconf 90' lang='lat' dir='ltr'>se</span> <span class='ocrx_word' id='word_1_46' title='bbox 1001 679 1110 737; x_wconf 87' lang='lat' dir='ltr'>tenuit:</span> 
     </span>
     <span class='ocr_line' id='line_1_7' title="bbox 96 764 1109 846; baseline 0.001 -23"><span class='ocrx_word' id='word_1_47' title='bbox 96 782 154 841; x_wconf 93' lang='lat' dir='ltr'>quo</span> <span class='ocrx_word' id='word_1_48' title='bbox 179 765 255 824; x_wconf 87' lang='lat' dir='ltr'>lacto</span> <span class='ocrx_word' id='word_1_49' title='bbox 279 764 349 824; x_wconf 93' lang='lat' dir='ltr'>dum</span> <span class='ocrx_word' id='word_1_50' title='bbox 371 783 480 842; x_wconf 87' lang='lat' dir='ltr'>augere</span> <span class='ocrx_word' id='word_1_51' title='bbox 503 765 566 826; x_wconf 88' lang='lat' dir='ltr'>vult</span> <span class='ocrx_word' id='word_1_52' title='bbox 583 765 724 826; x_wconf 82' lang='lat' dir='ltr'>invidiam</span> <span class='ocrx_word' id='word_1_53' title='bbox 741 765 883 846; x_wconf 82' lang='lat' dir='ltr'>collegae,</span> <span class='ocrx_word' id='word_1_54' title='bbox 907 767 988 825; x_wconf 81' lang='lat' dir='ltr'>auxit</span> <span class='ocrx_word' id='word_1_55' title='bbox 1006 773 1109 844; x_wconf 91' lang='lat' dir='ltr'>poten·</span> 
     </span>
     <span class='ocr_line' id='line_1_8' title="bbox 95 852 1043 932; baseline 0.003 -21"><span class='ocrx_word' id='word_1_56' title='bbox 95 855 174 912; x_wconf 89' lang='lat' dir='ltr'>tiam.</span> <span class='ocrx_word' id='word_1_57' title='bbox 220 859 284 912; x_wconf 87' lang='lat' dir='ltr'>tum</span> <span class='ocrx_word' id='word_1_58' title='bbox 308 852 426 913; x_wconf 86' lang='lat' dir='ltr'>Caesari</span> <span class='ocrx_word' id='word_1_59' title='bbox 449 853 586 913; x_wconf 86' lang='lat' dir='ltr'>decretae</span> <span class='ocrx_word' id='word_1_60' title='bbox 608 855 641 913; x_wconf 92' lang='lat' dir='ltr'>in</span> <span class='ocrx_word' id='word_1_61' title='bbox 664 855 902 932; x_wconf 88' lang='lat' dir='ltr'>quinquennium</span> <span class='ocrx_word' id='word_1_62' title='bbox 924 853 1043 914; x_wconf 88' lang='lat' dir='ltr'>Galliae.</span> 
     </span>
     <span class='ocr_line' id='line_1_9' title="bbox 183 937 1139 1023; baseline 0.004 -24"><span class='ocrx_word' id='word_1_63' title='bbox 183 937 236 1000; x_wconf 79' lang='lat'>45.</span> <span class='ocrx_word' id='word_1_64' title='bbox 281 940 340 1000; x_wconf 88' lang='lat' dir='ltr'>Per</span> <span class='ocrx_word' id='word_1_65' title='bbox 362 940 441 1001; x_wconf 87' lang='lat' dir='ltr'>idem</span> <span class='ocrx_word' id='word_1_66' title='bbox 464 949 582 1020; x_wconf 91' lang='lat' dir='ltr'>tempus</span> <span class='ocrx_word' id='word_1_67' title='bbox 605 941 636 1000; x_wconf 93' lang='lat' dir='ltr'>P.</span> <span class='ocrx_word' id='word_1_68' title='bbox 657 940 790 1020; x_wconf 77' lang='lat' dir='ltr'>ClodiuS,</span> <span class='ocrx_word' id='word_1_69' title='bbox 812 940 900 1001; x_wconf 93' lang='lat' dir='ltr'>bomo</span> <span class='ocrx_word' id='word_1_70' title='bbox 923 941 1044 1023; x_wconf 91' lang='lat' dir='ltr'>nobilis,</span> <span class='ocrx_word' id='word_1_71' title='bbox 1067 942 1139 1003; x_wconf 90' lang='lat' dir='ltr'>di·1</span> 
     </span>
     <span class='ocr_line' id='line_1_10' title="bbox 97 1028 1112 1108; baseline 0.003 -21"><span class='ocrx_word' id='word_1_72' title='bbox 97 1036 208 1108; x_wconf 88' lang='lat' dir='ltr'>sertus,</span> <span class='ocrx_word' id='word_1_73' title='bbox 232 1028 342 1107; x_wconf 85' lang='lat' dir='ltr'>audax,</span> <span class='ocrx_word' id='word_1_74' title='bbox 366 1031 476 1107; x_wconf 91' lang='lat' dir='ltr'>quique</span> <span class='ocrx_word' id='word_1_75' title='bbox 495 1047 592 1104; x_wconf 76' lang='lat' dir='ltr'>neque</span> <span class='ocrx_word' id='word_1_76' title='bbox 611 1028 729 1090; x_wconf 91' lang='lat' dir='ltr'>dicendi</span> <span class='ocrx_word' id='word_1_77' title='bbox 748 1047 845 1108; x_wconf 87' lang='lat' dir='ltr'>neque</span> <span class='ocrx_word' id='word_1_78' title='bbox 863 1029 991 1090; x_wconf 86' lang='lat' dir='ltr'>faciendi</span> <span class='ocrx_word' id='word_1_79' title='bbox 1016 1030 1112 1090; x_wconf 93' lang='lat' dir='ltr'>ullum</span> 
     </span>
     <span class='ocr_line' id='line_1_11' title="bbox 55 1117 1111 1198; baseline 0.005 -25"><span class='ocrx_word' id='word_1_80' title='bbox 55 1135 82 1172; x_wconf 79' lang='lat' dir='ltr'>io</span> <span class='ocrx_word' id='word_1_81' title='bbox 96 1118 154 1175; x_wconf 89' lang='lat' dir='ltr'>nisi</span> <span class='ocrx_word' id='word_1_82' title='bbox 181 1135 270 1194; x_wconf 89' lang='lat' dir='ltr'>quem</span> <span class='ocrx_word' id='word_1_83' title='bbox 299 1117 386 1177; x_wconf 87' lang='lat' dir='ltr'>vellet</span> <span class='ocrx_word' id='word_1_84' title='bbox 418 1125 519 1177; x_wconf 90' lang='lat' dir='ltr'>nosset</span> <span class='ocrx_word' id='word_1_85' title='bbox 546 1117 680 1198; x_wconf 90' lang='lat' dir='ltr'>modum,</span> <span class='ocrx_word' id='word_1_86' title='bbox 713 1117 858 1178; x_wconf 92' lang='lat' dir='ltr'>malorum</span> <span class='ocrx_word' id='word_1_87' title='bbox 888 1120 1111 1197; x_wconf 87' lang='lat' dir='ltr'>propositorum</span> 
     </span>
     <span class='ocr_line' id='line_1_12' title="bbox 96 1207 1111 1286; baseline 0.003 -23"><span class='ocrx_word' id='word_1_88' title='bbox 96 1213 238 1265; x_wconf 84' lang='lat' dir='ltr'>executor</span> <span class='ocrx_word' id='word_1_89' title='bbox 261 1207 436 1286; x_wconf 91' lang='lat' dir='ltr'>acerrimus,</span> <span class='ocrx_word' id='word_1_90' title='bbox 459 1207 577 1266; x_wconf 81' lang='lat' dir='ltr'>infamis</span> <span class='ocrx_word' id='word_1_91' title='bbox 600 1207 690 1266; x_wconf 91' lang='lat' dir='ltr'>etiam</span> <span class='ocrx_word' id='word_1_92' title='bbox 713 1209 825 1266; x_wconf 91' lang='lat' dir='ltr'>sororis</span> <span class='ocrx_word' id='word_1_93' title='bbox 849 1213 953 1284; x_wconf 88' lang='lat' dir='ltr'>stupro</span> <span class='ocrx_word' id='word_1_94' title='bbox 973 1215 1004 1266; x_wconf 91' lang='lat' dir='ltr'>et</span> <span class='ocrx_word' id='word_1_95' title='bbox 1027 1214 1111 1266; x_wconf 91' lang='lat' dir='ltr'>actus</span> 
     </span>
     <span class='ocr_line' id='line_1_13' title="bbox 95 1292 1111 1373; baseline 0.002 -21"><span class='ocrx_word' id='word_1_96' title='bbox 95 1295 202 1353; x_wconf 88' lang='lat' dir='ltr'>incesti</span> <span class='ocrx_word' id='word_1_97' title='bbox 225 1312 296 1353; x_wconf 91' lang='lat' dir='ltr'>reus</span> <span class='ocrx_word' id='word_1_98' title='bbox 319 1292 356 1353; x_wconf 95' lang='lat' dir='ltr'>ob</span> <span class='ocrx_word' id='word_1_99' title='bbox 380 1296 487 1354; x_wconf 92' lang='lat' dir='ltr'>initum</span> <span class='ocrx_word' id='word_1_100' title='bbox 510 1297 589 1354; x_wconf 87' lang='lat' dir='ltr'>inter</span> <span class='ocrx_word' id='word_1_101' title='bbox 611 1294 834 1373; x_wconf 89' lang='lat' dir='ltr'>religiosissima</span> <span class='ocrx_word' id='word_1_102' title='bbox 861 1294 962 1373; x_wconf 94' lang='lat' dir='ltr'>populi</span> <span class='ocrx_word' id='word_1_103' title='bbox 985 1293 1111 1355; x_wconf 89' lang='lat' dir='ltr'>Romani</span> 
     </span>
     <span class='ocr_line' id='line_1_14' title="bbox 95 1380 1110 1463; baseline 0.002 -23"><span class='ocrx_word' id='word_1_104' title='bbox 95 1399 178 1441; x_wconf 89' lang='lat' dir='ltr'>sacra</span> <span class='ocrx_word' id='word_1_105' title='bbox 201 1381 393 1463; x_wconf 85' lang='lat' dir='ltr'>adulterium,</span> <span class='ocrx_word' id='word_1_106' title='bbox 416 1400 485 1442; x_wconf 88' lang='lat' dir='ltr'>cum</span> <span class='ocrx_word' id='word_1_107' title='bbox 507 1401 611 1461; x_wconf 87' lang='lat' dir='ltr'>graves</span> <span class='ocrx_word' id='word_1_108' title='bbox 629 1385 799 1444; x_wconf 91' lang='lat' dir='ltr'>inimicitias</span> <span class='ocrx_word' id='word_1_109' title='bbox 823 1400 891 1442; x_wconf 91' lang='lat' dir='ltr'>cum</span> <span class='ocrx_word' id='word_1_110' title='bbox 908 1382 946 1442; x_wconf 90' lang='lat' dir='ltr'>M.</span> <span class='ocrx_word' id='word_1_111' title='bbox 966 1380 1110 1443; x_wconf 84' lang='lat' dir='ltr'>Cicerone</span> 
     </span>
     <span class='ocr_line' id='line_1_15' title="bbox 96 1463 1110 1554; baseline 0.002 -25"><span class='ocrx_word' id='word_1_112' title='bbox 96 1479 250 1530; x_wconf 85' lang='lat' dir='ltr'>exerceret</span> <span class='ocrx_word' id='word_1_113' title='bbox 277 1463 365 1554; x_wconf 89' lang='lat' dir='ltr'>(quid</span> <span class='ocrx_word' id='word_1_114' title='bbox 391 1473 471 1531; x_wconf 90' lang='lat' dir='ltr'>enim</span> <span class='ocrx_word' id='word_1_115' title='bbox 497 1473 576 1532; x_wconf 88' lang='lat' dir='ltr'>inter</span> <span class='ocrx_word' id='word_1_116' title='bbox 607 1480 668 1532; x_wconf 88' lang='lat' dir='ltr'>tarn</span> <span class='ocrx_word' id='word_1_117' title='bbox 696 1471 853 1532; x_wconf 86' lang='lat' dir='ltr'>dissimiles</span> <span class='ocrx_word' id='word_1_118' title='bbox 886 1473 1014 1531; x_wconf 89' lang='lat' dir='ltr'>amicum</span> <span class='ocrx_word' id='word_1_119' title='bbox 1044 1489 1110 1531; x_wconf 90' lang='lat' dir='ltr'>esse</span> 
     </span>
     <span class='ocr_line' id='line_1_16' title="bbox 54 1553 1111 1641; baseline 0.002 -25"><span class='ocrx_word' id='word_1_120' title='bbox 54 1578 81 1616; x_wconf 83' lang='lat'>15</span> <span class='ocrx_word' id='word_1_121' title='bbox 95 1553 248 1641; x_wconf 72' lang='lat' dir='ltr'>poteratl)</span> <span class='ocrx_word' id='word_1_122' title='bbox 277 1566 306 1618; x_wconf 93' lang='lat' dir='ltr'>et</span> <span class='ocrx_word' id='word_1_123' title='bbox 333 1578 349 1618; x_wconf 95' lang='lat' dir='ltr'>a</span> <span class='ocrx_word' id='word_1_124' title='bbox 376 1559 512 1638; x_wconf 89' lang='lat' dir='ltr'>patribus</span> <span class='ocrx_word' id='word_1_125' title='bbox 540 1559 576 1620; x_wconf 93' lang='lat' dir='ltr'>ad</span> <span class='ocrx_word' id='word_1_126' title='bbox 604 1559 721 1638; x_wconf 87' lang='lat' dir='ltr'>plebem</span> <span class='ocrx_word' id='word_1_127' title='bbox 750 1561 920 1640; x_wconf 88' lang='lat' dir='ltr'>transisset,</span> <span class='ocrx_word' id='word_1_128' title='bbox 951 1559 1049 1638; x_wconf 90' lang='lat' dir='ltr'>legem</span> <span class='ocrx_word' id='word_1_129' title='bbox 1079 1562 1111 1619; x_wconf 91' lang='lat' dir='ltr'>in</span> 
     </span>
     <span class='ocr_line' id='line_1_17' title="bbox 95 1647 1109 1727; baseline 0 -21"><span class='ocrx_word' id='word_1_130' title='bbox 95 1647 248 1707; x_wconf 89' lang='lat' dir='ltr'>tribunatu</span> <span class='ocrx_word' id='word_1_131' title='bbox 276 1647 357 1727; x_wconf 91' lang='lat' dir='ltr'>tulit,</span> <span class='ocrx_word' id='word_1_132' title='bbox 390 1650 441 1726; x_wconf 94' lang='lat' dir='ltr'>qui</span> <span class='ocrx_word' id='word_1_133' title='bbox 473 1651 567 1708; x_wconf 86' lang='lat' dir='ltr'>civem</span> <span class='ocrx_word' id='word_1_134' title='bbox 594 1647 761 1708; x_wconf 89' lang='lat' dir='ltr'>Romanum</span> <span class='ocrx_word' id='word_1_135' title='bbox 787 1647 991 1708; x_wconf 92' lang='lat' dir='ltr'>indemnatum</span> <span class='ocrx_word' id='word_1_136' title='bbox 1018 1650 1109 1707; x_wconf 90' lang='lat' dir='ltr'>inter-</span> 
     </span>
     <span class='ocr_line' id='line_1_18' title="bbox 96 1734 1111 1816; baseline 0 -22"><span class='ocrx_word' id='word_1_137' title='bbox 96 1737 230 1816; x_wconf 88' lang='lat' dir='ltr'>emisset,</span> <span class='ocrx_word' id='word_1_138' title='bbox 257 1737 285 1795; x_wconf 91' lang='lat' dir='ltr'>ei</span> <span class='ocrx_word' id='word_1_139' title='bbox 307 1754 383 1813; x_wconf 92' lang='lat' dir='ltr'>aqua</span> <span class='ocrx_word' id='word_1_140' title='bbox 406 1744 437 1796; x_wconf 92' lang='lat' dir='ltr'>et</span> <span class='ocrx_word' id='word_1_141' title='bbox 458 1738 520 1814; x_wconf 86' lang='lat' dir='ltr'>igni</span> <span class='ocrx_word' id='word_1_142' title='bbox 542 1735 786 1797; x_wconf 88' lang='lat' dir='ltr'>interdiceretur:</span> <span class='ocrx_word' id='word_1_143' title='bbox 814 1737 900 1795; x_wconf 91' lang='lat' dir='ltr'>cuius</span> <span class='ocrx_word' id='word_1_144' title='bbox 927 1734 1027 1795; x_wconf 88' lang='lat' dir='ltr'>verbis</span> <span class='ocrx_word' id='word_1_145' title='bbox 1054 1737 1111 1795; x_wconf 91' lang='lat' dir='ltr'>etsi</span> 
     </span>
     <span class='ocr_line' id='line_1_19' title="bbox 96 1822 1141 1904; baseline 0.003 -22"><span class='ocrx_word' id='word_1_146' title='bbox 96 1841 156 1882; x_wconf 93' lang='lat' dir='ltr'>non</span> <span class='ocrx_word' id='word_1_147' title='bbox 179 1822 386 1884; x_wconf 87' lang='lat' dir='ltr'>nominabatur</span> <span class='ocrx_word' id='word_1_148' title='bbox 410 1823 527 1904; x_wconf 89' lang='lat' dir='ltr'>Cicero,</span> <span class='ocrx_word' id='word_1_149' title='bbox 555 1831 654 1884; x_wconf 88' lang='lat' dir='ltr'>tamen</span> <span class='ocrx_word' id='word_1_150' title='bbox 682 1824 763 1884; x_wconf 91' lang='lat' dir='ltr'>solus</span> <span class='ocrx_word' id='word_1_151' title='bbox 791 1823 956 1904; x_wconf 92' lang='lat' dir='ltr'>petebatur.</span> <span class='ocrx_word' id='word_1_152' title='bbox 1002 1825 1043 1883; x_wconf 93' lang='lat' dir='ltr'>ita</span> <span class='ocrx_word' id='word_1_153' title='bbox 1066 1825 1141 1885; x_wconf 72' lang='lat' dir='ltr'>vire</span> 
     </span>
     <span class='ocr_line' id='line_1_20' title="bbox 95 1912 1111 1991; baseline 0.001 -20"><span class='ocrx_word' id='word_1_154' title='bbox 95 1914 206 1990; x_wconf 90' lang='lat' dir='ltr'>optime</span> <span class='ocrx_word' id='word_1_155' title='bbox 229 1914 354 1972; x_wconf 90' lang='lat' dir='ltr'>meritus</span> <span class='ocrx_word' id='word_1_156' title='bbox 377 1913 414 1972; x_wconf 91' lang='lat' dir='ltr'>de</span> <span class='ocrx_word' id='word_1_157' title='bbox 437 1931 470 1972; x_wconf 94' lang='lat' dir='ltr'>re</span> <span class='ocrx_word' id='word_1_158' title='bbox 493 1912 611 1991; x_wconf 90' lang='lat' dir='ltr'>publica</span> <span class='ocrx_word' id='word_1_159' title='bbox 633 1920 823 1973; x_wconf 89' lang='lat' dir='ltr'>conservatae</span> <span class='ocrx_word' id='word_1_160' title='bbox 846 1914 958 1991; x_wconf 89' lang='lat' dir='ltr'>patriae</span> <span class='ocrx_word' id='word_1_161' title='bbox 981 1913 1111 1991; x_wconf 90' lang='lat' dir='ltr'>pretium</span> 
     </span>
     <span class='ocr_line' id='line_1_21' title="bbox 52 2000 1112 2080; baseline 0.001 -21"><span class='ocrx_word' id='word_1_162' title='bbox 52 2021 81 2059; x_wconf 78' lang='lat' dir='ltr'>eo</span> <span class='ocrx_word' id='word_1_163' title='bbox 95 2000 292 2060; x_wconf 90' lang='lat' dir='ltr'>calamitatem</span> <span class='ocrx_word' id='word_1_164' title='bbox 314 2000 393 2060; x_wconf 84' lang='lat' dir='ltr'>exilii</span> <span class='ocrx_word' id='word_1_165' title='bbox 412 2001 488 2061; x_wconf 91' lang='lat' dir='ltr'>tulit.</span> <span class='ocrx_word' id='word_1_166' title='bbox 521 2019 581 2060; x_wconf 94' lang='lat' dir='ltr'>non</span> <span class='ocrx_word' id='word_1_167' title='bbox 605 2010 767 2062; x_wconf 88' lang='lat' dir='ltr'>caruerunt</span> <span class='ocrx_word' id='word_1_168' title='bbox 786 2003 955 2080; x_wconf 89' lang='lat' dir='ltr'>suspicione</span> <span class='ocrx_word' id='word_1_169' title='bbox 975 2002 1112 2079; x_wconf 89' lang='lat' dir='ltr'>oppressi</span> 
     </span>
     <span class='ocr_line' id='line_1_22' title="bbox 96 2087 1110 2168; baseline -0.001 -19"><span class='ocrx_word' id='word_1_170' title='bbox 96 2088 248 2149; x_wconf 91' lang='lat' dir='ltr'>Ciceronis</span> <span class='ocrx_word' id='word_1_171' title='bbox 272 2087 379 2147; x_wconf 90' lang='lat' dir='ltr'>Caesar</span> <span class='ocrx_word' id='word_1_172' title='bbox 403 2096 433 2149; x_wconf 90' lang='lat' dir='ltr'>et</span> <span class='ocrx_word' id='word_1_173' title='bbox 454 2089 623 2168; x_wconf 81' lang='lat' dir='ltr'>Pompeius</span> <span class='ocrx_word' id='word_1_174' title='bbox 664 2089 720 2149; x_wconf 92' lang='lat' dir='ltr'>boc</span> <span class='ocrx_word' id='word_1_175' title='bbox 745 2088 802 2150; x_wconf 93' lang='lat' dir='ltr'>sibi</span> <span class='ocrx_word' id='word_1_176' title='bbox 825 2091 1007 2149; x_wconf 82' lang='lat' dir='ltr'>contraxisse</span> <span class='ocrx_word' id='word_1_177' title='bbox 1031 2088 1110 2148; x_wconf 91' lang='lat' dir='ltr'>vide-</span> 
     </span>
     <span class='ocr_line' id='line_1_23' title="bbox 94 2175 1110 2257; baseline 0.001 -21"><span class='ocrx_word' id='word_1_178' title='bbox 94 2176 183 2236; x_wconf 85' lang='lat' dir='ltr'>batur</span> <span class='ocrx_word' id='word_1_179' title='bbox 202 2176 319 2257; x_wconf 88' lang='lat' dir='ltr'>Cicero,</span> <span class='ocrx_word' id='word_1_180' title='bbox 342 2177 423 2254; x_wconf 95' lang='lat' dir='ltr'>quod</span> <span class='ocrx_word' id='word_1_181' title='bbox 445 2179 525 2237; x_wconf 93' lang='lat' dir='ltr'>inter</span> <span class='ocrx_word' id='word_1_182' title='bbox 543 2180 647 2255; x_wconf 89' lang='lat' dir='ltr'>viginti</span> <span class='ocrx_word' id='word_1_183' title='bbox 667 2180 746 2238; x_wconf 92' lang='lat' dir='ltr'>viros</span> <span class='ocrx_word' id='word_1_184' title='bbox 766 2176 921 2238; x_wconf 89' lang='lat' dir='ltr'>dividendo</span> <span class='ocrx_word' id='word_1_185' title='bbox 941 2195 1011 2255; x_wconf 91' lang='lat' dir='ltr'>agro</span> <span class='ocrx_word' id='word_1_186' title='bbox 1027 2175 1110 2237; x_wconf 90' lang='lat' dir='ltr'>Cam-</span> 
     </span>
     <span class='ocr_line' id='line_1_24' title="bbox 94 2263 1141 2345; baseline 0.003 -21"><span class='ocrx_word' id='word_1_187' title='bbox 94 2283 171 2345; x_wconf 91' lang='lat' dir='ltr'>pano</span> <span class='ocrx_word' id='word_1_188' title='bbox 195 2283 261 2325; x_wconf 89' lang='lat' dir='ltr'>esse</span> <span class='ocrx_word' id='word_1_189' title='bbox 284 2264 437 2325; x_wconf 91' lang='lat' dir='ltr'>noluisset.</span> <span class='ocrx_word' id='word_1_190' title='bbox 469 2264 548 2326; x_wconf 91' lang='lat' dir='ltr'>idem</span> <span class='ocrx_word' id='word_1_191' title='bbox 567 2268 646 2325; x_wconf 88' lang='lat' dir='ltr'>intra</span> <span class='ocrx_word' id='word_1_192' title='bbox 664 2265 818 2326; x_wconf 91' lang='lat' dir='ltr'>biennium</span> <span class='ocrx_word' id='word_1_193' title='bbox 836 2283 903 2325; x_wconf 89' lang='lat' dir='ltr'>sera</span> <span class='ocrx_word' id='word_1_194' title='bbox 922 2263 973 2324; x_wconf 76' lang='lat' dir='ltr'>Cau.</span> <span class='ocrx_word' id='word_1_195' title='bbox 987 2263 1141 2343; x_wconf 78' lang='lat' dir='ltr'>Pompeia</span> 
     </span>
    </p>
   </div>
   <div class='ocr_carea' id='block_1_3' title="bbox 54 2352 1113 2876">
    <p class='ocr_par' dir='ltr' id='par_1_3' title="bbox 54 2352 1113 2876">
     <span class='ocr_line' id='line_1_25' title="bbox 95 2352 1111 2435; baseline -0.001 -22"><span class='ocrx_word' id='word_1_196' title='bbox 95 2371 180 2434; x_wconf 93' lang='lat' dir='ltr'>cura,</span> <span class='ocrx_word' id='word_1_197' title='bbox 202 2372 308 2413; x_wconf 88' lang='lat' dir='ltr'>verum</span> <span class='ocrx_word' id='word_1_198' title='bbox 330 2361 364 2414; x_wconf 94' lang='lat' dir='ltr'>ut</span> <span class='ocrx_word' id='word_1_199' title='bbox 387 2355 485 2433; x_wconf 90' lang='lat' dir='ltr'>eoepit</span> <span class='ocrx_word' id='word_1_200' title='bbox 503 2356 630 2435; x_wconf 88' lang='lat' dir='ltr'>intenta,</span> <span class='ocrx_word' id='word_1_201' title='bbox 652 2356 788 2432; x_wconf 87' lang='lat' dir='ltr'>votisque</span> <span class='ocrx_word' id='word_1_202' title='bbox 807 2353 907 2415; x_wconf 90' lang='lat' dir='ltr'>ltaliae</span> <span class='ocrx_word' id='word_1_203' title='bbox 929 2371 963 2412; x_wconf 88' lang='lat' dir='ltr'>ac</span> <span class='ocrx_word' id='word_1_204' title='bbox 981 2352 1111 2412; x_wconf 89' lang='lat' dir='ltr'>decretis</span> 
     </span>
     <span class='ocr_line' id='line_1_26' title="bbox 54 2439 1111 2523; baseline 0 -23"><span class='ocrx_word' id='word_1_205' title='bbox 54 2461 81 2501; x_wconf 77' lang='lat'>25</span> <span class='ocrx_word' id='word_1_206' title='bbox 96 2449 230 2523; x_wconf 79' lang='lat' dir='ltr'>senatuS,</span> <span class='ocrx_word' id='word_1_207' title='bbox 262 2445 372 2503; x_wconf 91' lang='lat' dir='ltr'>virtute</span> <span class='ocrx_word' id='word_1_208' title='bbox 400 2451 488 2520; x_wconf 90' lang='lat' dir='ltr'>atque</span> <span class='ocrx_word' id='word_1_209' title='bbox 522 2444 636 2502; x_wconf 92' lang='lat' dir='ltr'>actione</span> <span class='ocrx_word' id='word_1_210' title='bbox 664 2441 752 2502; x_wconf 78' lang='lat' dir='ltr'>Annii</span> <span class='ocrx_word' id='word_1_211' title='bbox 778 2441 896 2502; x_wconf 90' lang='lat' dir='ltr'>Milonis</span> <span class='ocrx_word' id='word_1_212' title='bbox 927 2439 1042 2501; x_wconf 89' lang='lat' dir='ltr'>tribuni</span> <span class='ocrx_word' id='word_1_213' title='bbox 1072 2439 1111 2519; x_wconf 90' lang='lat' dir='ltr'>pl.</span> 
     </span>
     <span class='ocr_line' id='line_1_27' title="bbox 96 2529 1112 2609; baseline 0 -20"><span class='ocrx_word' id='word_1_214' title='bbox 96 2530 232 2608; x_wconf 79' lang='lat' dir='ltr'>dignitati</span> <span class='ocrx_word' id='word_1_215' title='bbox 258 2533 430 2609; x_wconf 87' lang='lat' dir='ltr'>patriaeque</span> <span class='ocrx_word' id='word_1_216' title='bbox 458 2532 617 2591; x_wconf 89' lang='lat' dir='ltr'>restitutus</span> <span class='ocrx_word' id='word_1_217' title='bbox 645 2539 699 2590; x_wconf 90' lang='lat' dir='ltr'>est.</span> <span class='ocrx_word' id='word_1_218' title='bbox 745 2548 842 2609; x_wconf 91' lang='lat' dir='ltr'>neque</span> <span class='ocrx_word' id='word_1_219' title='bbox 870 2537 938 2609; x_wconf 93' lang='lat' dir='ltr'>post</span> <span class='ocrx_word' id='word_1_220' title='bbox 963 2529 1112 2590; x_wconf 88' lang='lat' dir='ltr'>Numidici</span> 
     </span>
     <span class='ocr_line' id='line_1_28' title="bbox 96 2617 1113 2698; baseline 0 -20"><span class='ocrx_word' id='word_1_221' title='bbox 96 2618 217 2678; x_wconf 81' lang='lat' dir='ltr'>exilium</span> <span class='ocrx_word' id='word_1_222' title='bbox 249 2626 300 2679; x_wconf 88' lang='lat' dir='ltr'>aut</span> <span class='ocrx_word' id='word_1_223' title='bbox 331 2619 461 2680; x_wconf 88' lang='lat' dir='ltr'>reditum</span> <span class='ocrx_word' id='word_1_224' title='bbox 493 2621 651 2698; x_wconf 88' lang='lat' dir='ltr'>quisquam</span> <span class='ocrx_word' id='word_1_225' title='bbox 682 2627 733 2680; x_wconf 88' lang='lat' dir='ltr'>aut</span> <span class='ocrx_word' id='word_1_226' title='bbox 765 2619 905 2698; x_wconf 79' lang='lat' dir='ltr'>expulsus</span> <span class='ocrx_word' id='word_1_227' title='bbox 938 2617 1113 2678; x_wconf 84' lang='lat' dir='ltr'>invidiosius</span> 
     </span>
     <span class='ocr_line' id='line_1_29' title="bbox 96 2707 1112 2786; baseline 0.001 -21"><span class='ocrx_word' id='word_1_228' title='bbox 96 2714 147 2766; x_wconf 94' lang='lat' dir='ltr'>aut</span> <span class='ocrx_word' id='word_1_229' title='bbox 175 2715 316 2785; x_wconf 85' lang='lat' dir='ltr'>receptus</span> <span class='ocrx_word' id='word_1_230' title='bbox 348 2716 395 2768; x_wconf 89' lang='lat' dir='ltr'>est</span> <span class='ocrx_word' id='word_1_231' title='bbox 426 2707 546 2769; x_wconf 90' lang='lat' dir='ltr'>laetius:</span> <span class='ocrx_word' id='word_1_232' title='bbox 578 2709 664 2768; x_wconf 89' lang='lat' dir='ltr'>cuius</span> <span class='ocrx_word' id='word_1_233' title='bbox 696 2707 802 2768; x_wconf 93' lang='lat' dir='ltr'>domus</span> <span class='ocrx_word' id='word_1_234' title='bbox 835 2724 923 2786; x_wconf 91' lang='lat' dir='ltr'>quam</span> <span class='ocrx_word' id='word_1_235' title='bbox 954 2707 1062 2768; x_wconf 84' lang='lat' dir='ltr'>infeste</span> <span class='ocrx_word' id='word_1_236' title='bbox 1095 2725 1112 2766; x_wconf 97' lang='lat' dir='ltr'>a</span> 
     </span>
     <span class='ocr_line' id='line_1_30' title="bbox 97 2793 1111 2876; baseline 0 -22"><span class='ocrx_word' id='word_1_237' title='bbox 97 2793 198 2855; x_wconf 91' lang='lat' dir='ltr'>Clodio</span> <span class='ocrx_word' id='word_1_238' title='bbox 222 2795 346 2856; x_wconf 89' lang='lat' dir='ltr'>disiecta</span> <span class='ocrx_word' id='word_1_239' title='bbox 369 2803 446 2876; x_wconf 91' lang='lat' dir='ltr'>erat,</span> <span class='ocrx_word' id='word_1_240' title='bbox 472 2804 533 2856; x_wconf 88' lang='lat' dir='ltr'>tam</span> <span class='ocrx_word' id='word_1_241' title='bbox 560 2799 695 2875; x_wconf 88' lang='lat' dir='ltr'>speciose</span> <span class='ocrx_word' id='word_1_242' title='bbox 719 2815 736 2856; x_wconf 93' lang='lat' dir='ltr'>a</span> <span class='ocrx_word' id='word_1_243' title='bbox 763 2803 868 2856; x_wconf 90' lang='lat' dir='ltr'>senatu</span> <span class='ocrx_word' id='word_1_244' title='bbox 895 2797 1034 2856; x_wconf 88' lang='lat' dir='ltr'>restituta</span> <span class='ocrx_word' id='word_1_245' title='bbox 1057 2802 1111 2854; x_wconf 82' lang='lat' dir='ltr'>est.</span> 
     </span>
    </p>
   </div>
   <div class='ocr_carea' id='block_1_4' title="bbox 96 2999 1114 3479">
    <p class='ocr_par' dir='ltr' id='par_1_4' title="bbox 96 2999 1114 3479">
     <span class='ocr_line' id='line_1_31' title="bbox 169 2999 1112 3070; baseline 0.001 -17"><span class='ocrx_word' id='word_1_246' title='bbox 169 3007 183 3054; x_wconf 94' lang='lat'>1</span> <span class='ocrx_word' id='word_1_247' title='bbox 203 3000 280 3054; x_wconf 84' lang='lat' dir='ltr'>urbis</span> <span class='ocrx_word' id='word_1_248' title='bbox 294 3001 442 3054; x_wconf 79' lang='lat' dir='ltr'>Heiusiue:</span> <span class='ocrx_word' id='word_1_249' title='bbox 454 3001 491 3054; x_wconf 84' lang='lat' dir='ltr'>eb</span> <span class='ocrx_word' id='word_1_250' title='bbox 504 3001 549 3055; x_wconf 90' lang='lat' dir='ltr'>his</span> <span class='ocrx_word' id='word_1_251' title='bbox 563 3001 628 3070; x_wconf 82' lang='grc' dir='ltr'>ΑΡ,</span> <span class='ocrx_word' id='word_1_252' title='bbox 647 3000 770 3056; x_wconf 84' lang='lat' dir='ltr'>civitatis</span> <span class='ocrx_word' id='word_1_253' title='bbox 786 3001 943 3065; x_wconf 86' lang='lat' dir='ltr'>Puteuuue,</span> <span class='ocrx_word' id='word_1_254' title='bbox 962 2999 996 3066; x_wconf 79' lang='lat' dir='ltr'>ef.</span> <span class='ocrx_word' id='word_1_255' title='bbox 1013 2999 1112 3054; x_wconf 84' lang='lat' dir='ltr'>Medo.</span> 
     </span>
     <span class='ocr_line' id='line_1_32' title="bbox 96 3069 1112 3140; baseline 0 -16"><span class='ocrx_word' id='word_1_256' title='bbox 96 3072 169 3125; x_wconf 81' lang='lat' dir='ltr'>Ado.</span> <span class='ocrx_word' id='word_1_257' title='bbox 188 3071 228 3136; x_wconf 82' lang='grc' dir='ltr'>Η,</span> <span class='ocrx_word' id='word_1_258' title='bbox 247 3077 300 3125; x_wconf 88' lang='grc'>304</span> <span class='ocrx_word' id='word_1_259' title='bbox 371 3071 469 3125; x_wconf 83' lang='lat' dir='ltr'>3erut</span> <span class='ocrx_word' id='word_1_260' title='bbox 486 3087 537 3126; x_wconf 88' lang='lat' dir='ltr'>em.</span> <span class='ocrx_word' id='word_1_261' title='bbox 555 3071 583 3124; x_wconf 84' lang='lat' dir='ltr'><em>A</em></span> <span class='ocrx_word' id='word_1_262' title='bbox 651 3078 777 3140; x_wconf 71' lang='lat' dir='ltr'>tneque</span> <span class='ocrx_word' id='word_1_263' title='bbox 795 3086 846 3125; x_wconf 76' lang='lat' dir='ltr'>oea.</span> <span class='ocrx_word' id='word_1_264' title='bbox 865 3069 936 3134; x_wconf 86' lang='lat' dir='ltr'>AP,</span> <span class='ocrx_word' id='word_1_265' title='bbox 954 3069 1003 3136; x_wconf 90' lang='lat' dir='ltr'>qui</span> <span class='ocrx_word' id='word_1_266' title='bbox 1020 3085 1112 3137; x_wconf 88' lang='lat' dir='ltr'>neque</span> 
     </span>
     <span class='ocr_line' id='line_1_33' title="bbox 102 3138 1114 3210; baseline -0.002 -16"><span class='ocrx_word' id='word_1_267' title='bbox 102 3141 275 3197; x_wconf 81' lang='lat' dir='ltr'>Vuccocauue</span> <span class='ocrx_word' id='word_1_268' title='bbox 330 3148 363 3196; x_wconf 85' lang='grc'>16</span> <span class='ocrx_word' id='word_1_269' title='bbox 378 3142 542 3196; x_wconf 71' lang='lat' dir='ltr'>damnatum</span> <span class='ocrx_word' id='word_1_270' title='bbox 555 3142 624 3210; x_wconf 86' lang='lat' dir='ltr'>AP,</span> <span class='ocrx_word' id='word_1_271' title='bbox 639 3159 687 3197; x_wconf 77' lang='lat' dir='ltr'>eeu.</span> <span class='ocrx_word' id='word_1_272' title='bbox 702 3143 847 3197; x_wconf 77' lang='lat' dir='ltr'>Puteanus</span> <span class='ocrx_word' id='word_1_273' title='bbox 902 3145 934 3193; x_wconf 73' lang='lat'>17</span> <span class='ocrx_word' id='word_1_274' title='bbox 955 3138 994 3210; x_wconf 83' lang='lat' dir='ltr'>ei]</span> <span class='ocrx_word' id='word_1_275' title='bbox 1015 3139 1114 3193; x_wconf 87' lang='lat' dir='ltr'>etAP</span> 
     </span>
     <span class='ocr_line' id='line_1_34' title="bbox 99 3210 1113 3284; baseline -0.001 -19"><span class='ocrx_word' id='word_1_276' title='bbox 99 3211 103 3284; x_wconf 78' lang='lat' dir='ltr'>l</span> <span class='ocrx_word' id='word_1_277' title='bbox 121 3211 220 3279; x_wconf 87' lang='lat' dir='ltr'>quibus</span> <span class='ocrx_word' id='word_1_278' title='bbox 233 3211 327 3267; x_wconf 85' lang='lat' dir='ltr'>uerbis</span> <span class='ocrx_word' id='word_1_279' title='bbox 336 3213 466 3267; x_wconf 77' lang='lat' dir='ltr'>Beermuu</span> <span class='ocrx_word' id='word_1_280' title='bbox 502 3217 537 3266; x_wconf 79' lang='lat'>20</span> <span class='ocrx_word' id='word_1_281' title='bbox 551 3213 713 3268; x_wconf 76' lang='lat' dir='ltr'>calamitate</span> <span class='ocrx_word' id='word_1_282' title='bbox 722 3213 787 3277; x_wconf 83' lang='grc' dir='ltr'>ΑΡ,</span> <span class='ocrx_word' id='word_1_283' title='bbox 801 3228 848 3266; x_wconf 88' lang='lat' dir='ltr'>em.</span> <span class='ocrx_word' id='word_1_284' title='bbox 859 3210 988 3264; x_wconf 77' lang='lat' dir='ltr'>Gelenius</span> <span class='ocrx_word' id='word_1_285' title='bbox 1004 3211 1008 3278; x_wconf 82' lang='grc' dir='ltr'>Ι</span> <span class='ocrx_word' id='word_1_286' title='bbox 1025 3210 1113 3279; x_wconf 86' lang='lat' dir='ltr'>suspi-</span> 
     </span>
     <span class='ocr_line' id='line_1_35' title="bbox 96 3281 1113 3351; baseline -0.002 -15"><span class='ocrx_word' id='word_1_287' title='bbox 96 3282 174 3336; x_wconf 82' lang='lat' dir='ltr'>tione</span> <span class='ocrx_word' id='word_1_288' title='bbox 192 3282 220 3335; x_wconf 78' lang='lat' dir='ltr'><em>A</em></span> <span class='ocrx_word' id='word_1_289' title='bbox 296 3290 331 3336; x_wconf 77' lang='lat'>22</span> <span class='ocrx_word' id='word_1_290' title='bbox 350 3282 500 3337; x_wconf 88' lang='lat' dir='ltr'>diuidendo</span> <span class='ocrx_word' id='word_1_291' title='bbox 521 3283 560 3337; x_wconf 85' lang='lat' dir='ltr'>P:</span> <span class='ocrx_word' id='word_1_292' title='bbox 578 3283 700 3338; x_wconf 88' lang='lat' dir='ltr'>uidendo</span> <span class='ocrx_word' id='word_1_293' title='bbox 719 3283 747 3336; x_wconf 81' lang='lat' dir='ltr'><strong><em>A</em></strong></span> <span class='ocrx_word' id='word_1_294' title='bbox 823 3288 858 3336; x_wconf 78' lang='lat'>24</span> <span class='ocrx_word' id='word_1_295' title='bbox 876 3282 909 3335; x_wconf 87' lang='lat' dir='ltr'>ut</span> <span class='ocrx_word' id='word_1_296' title='bbox 927 3281 1021 3351; x_wconf 89' lang='lat' dir='ltr'>coepit</span> <span class='ocrx_word' id='word_1_297' title='bbox 1039 3281 1113 3335; x_wconf 79' lang='lat' dir='ltr'>Gele-</span> 
     </span>
     <span class='ocr_line' id='line_1_36' title="bbox 96 3351 1113 3479; baseline 0.002 -73"><span class='ocrx_word' id='word_1_298' title='bbox 96 3354 223 3479; x_wconf 49' lang='grc' dir='ltr'>ἷαίἔεΛοὺ</span> <span class='ocrx_word' id='word_1_299' title='bbox 241 3353 319 3422; x_wconf 87' lang='lat' dir='ltr'>cupit</span> <span class='ocrx_word' id='word_1_300' title='bbox 331 3355 390 3407; x_wconf 80' lang='grc' dir='ltr'>ΑΡ</span> <span class='ocrx_word' id='word_1_301' title='bbox 404 3355 409 3421; x_wconf 88' lang='grc' dir='ltr'>Ι</span> <span class='ocrx_word' id='word_1_302' title='bbox 424 3353 533 3408; x_wconf 86' lang='lat' dir='ltr'>intenta</span> <span class='ocrx_word' id='word_1_303' title='bbox 553 3355 701 3423; x_wconf 79' lang='lat' dir='ltr'>Wopleeue:</span> <span class='ocrx_word' id='word_1_304' title='bbox 720 3352 835 3408; x_wconf 78' lang='lat' dir='ltr'>interita.</span> <span class='ocrx_word' id='word_1_305' title='bbox 852 3352 911 3406; x_wconf 82' lang='grc' dir='ltr'>ΑΡ</span> <span class='ocrx_word' id='word_1_306' title='bbox 968 3359 1003 3408; x_wconf 74' lang='grc'>26</span> <span class='ocrx_word' id='word_1_307' title='bbox 1022 3351 1113 3423; x_wconf 75' lang='lat' dir='ltr'>digni</span> 
     </span>
     <span class='ocr_line' id='line_1_37' title="bbox 112 3441 716 3478; baseline -0.002 -10"><span class='ocrx_word' id='word_1_308' title='bbox 112 3441 129 3478; x_wconf 72' lang='lat' dir='ltr'>a,</span> <span class='ocrx_word' id='word_1_309' title='bbox 715 3464 716 3467; x_wconf 74' lang='grc'>,</span> 
     </span>
    </p>
   </div>
   <div class='ocr_carea' id='block_1_5' title="bbox 0 0 1216 3848">
    <p class='ocr_par' dir='ltr' id='par_1_5' title="bbox 0 0 1216 3848">
     <span class='ocr_line' id='line_1_38' title="bbox 0 0 1216 3848; baseline 0 0"><span class='ocrx_word' id='word_1_310' title='bbox 0 0 1216 3848; x_wconf 95' lang='lat' dir='ltr'> </span> 
     </span>
    </p>
   </div>
  </div>
 </body>
</html>
