2422 3848
149 181 211 244 128
638 181 666 236 Π

112 358 212 408 onam
242 348 339 408 iacere
369 355 451 408 reete
481 349 553 407 civis
585 366 656 408 suos
687 349 826 426 princeps
859 349 990 426 optimus
1023 348 1159 409 iaciendo

130 436 245 515 docet,
273 454 400 515 eumque
424 439 463 497 sit
489 438 615 515 imperio
639 438 797 516 maximus,
825 435 959 514 exemplo
987 439 1081 497 maior
1104 446 1159 499 est.

114 537 128 582 1
235 521 306 585 127.
351 525 429 585 Raro
460 526 625 584 eminentes
654 527 710 583 viri
740 542 800 584 non
829 527 943 603 magnis
973 525 1159 587 adiutoribus

145 614 180 674 ad
203 612 424 692 gubernandam
444 613 695 697 fortunamsuam
709 615 757 671 usi
775 620 858 693 suut,
882 620 915 674 ut
928 613 987 674 duo
1003 612 1158 693 Scipiones

144 701 261 763 duobus
284 700 405 782 Laeliis,
437 719 512 779 quos
533 719 589 781 per
612 703 709 760 omnia
733 709 934 778 aequaverunt
960 701 1031 783 sibi,
1058 711 1093 763 ut
1115 702 1185 763 cli-⁶

143 810 198 851 vus
216 790 368 868 Augustus
391 789 427 848 M.
442 790 571 869 Agrippa
594 796 624 849 et
646 791 780 867 proxime
804 788 840 848 ab
863 808 899 849 eo
920 789 1035 851 Statilio
1049 791 1158 873 Tauro,

145 877 253 957 quibus
281 880 394 937 novitas
423 877 548 937 familiae
577 877 650 937 haut
671 876 787 937 obstitit
810 879 969 956 quominus
998 879 1033 939 ad
1059 879 1158 941 multi·

143 966 229 1046 plieis
258 965 429 1025 consulatus
457 965 683 1045 triumphosque
717 973 747 1025 et
779 966 930 1044 complura
960 967 1159 1030 eveherentur

111 1054 318 1125 qsaeerddtia.
346 1056 456 1114 etenim
474 1072 579 1133 magua
598 1055 716 1133 negotia
736 1057 850 1132 magnis
870 1055 1055 1116 adiutoribus
1070 1065 1159 1135 egent

145 1143 256 1221 [neque
283 1145 315 1202 in
341 1161 432 1222 parvo
458 1145 591 1222 paucitas
618 1143 782 1203 ministeria
809 1141 947 1224 deiecit],
973 1146 1159 1224 interestque
1174 1150 1200 1191 1⁰

143 1230 346 1310 reipublicae
371 1230 530 1308 quodusu
550 1233 752 1291 necessarium
776 1238 835 1312 est,
861 1230 1003 1309 dignitate
1027 1234 1159 1294 eminere

112 1319 361 1396 3utilitatemque
394 1321 571 1379 auctoritate
602 1320 722 1379 muniri.
773 1318 828 1379 sub
861 1319 907 1379 his
940 1320 1083 1401 exemplis
1114 1322 1159 1382 Ti.

144 1407 251 1468 Caesar
276 1406 416 1466 Seianum
438 1406 567 1487 Aelium,
596 1409 731 1486 principe
759 1410 907 1485 equestris
934 1409 1048 1469 ordinis
1073 1417 1157 1489 patre

144 1503 262 1575 natum,
281 1502 415 1556 materno
438 1513 508 1555 vero
531 1513 640 1574 genere
664 1495 842 1556 clarissimas
861 1504 1045 1575 veteresque·
1060 1505 1092 1558 et
1113 1501 1178 1569 in,

144 1587 243 1662 signes
266 1583 431 1644 honoribus
445 1583 634 1666 ,complexum
654 1584 790 1664 familias,
813 1584 971 1645 habentem
993 1585 1199 1646 consularis1⁶

144 1673 265 1753 iratres,
292 1671 500 1747 consobrinos,
531 1671 722 1753 avunculum,
754 1675 852 1752 ipsum
882 1691 955 1757 pero
984 1672 1094 1734 laboris
1124 1693 1158 1736 ac

143 1761 212 1822 fidei
235 1762 473 1840 capacissimum,
496 1761 662 1822 sufficiente
685 1763 773 1821 etiam
795 1756 890 1840 vigdri
908 1763 998 1823 animi
1016 1766 1157 1843 compige

144 1852 293 1929 corporis,
324 1848 504 1928 singularem
528 1848 741 1929 'principalium
770 1868 897 1910 onerum
929 1850 1094 1911 adiutorem
1126 1854 1157 1912 in

112 1941 242 1998 4omnia
269 1936 372 1998 habuit
400 1945 488 2016 atque
516 1937 617 2019 habet,
649 1939 745 1998 virum
778 1940 943 1999 severitatis
971 1939 1158 2019 laetissimae,

144 2026 298 2086 hilaritatis
321 2028 450 2107 priseae,
478 2033 545 2086 artu
568 2027 672 2086 otiosis
696 2025 891 2108 simillimum,
919 2025 992 2087 nibil
1016 2027 1072 2088 sibi
1095 2030 1157 2088 vin·
1173 2035 1200 2076 ²⁰

144 2114 292 2174 dicantem
314 2131 409 2192 eoque
428 2114 640 2192 adsequentem
659 2116 771 2196 omnia,
794 2114 973 2194 semperque
989 2116 1067 2175 inira
1087 2115 1157 2177 alio-

144 2221 210 2263 rum
239 2204 459 2263 aestimationes
487 2221 520 2262 se
543 2205 729 2284 metientem,
758 2203 841 2264 vultu
868 2205 986 2282 vitaque
1014 2204 1157 2283 tranquil·

143 2291 218 2371 lum,
242 2293 339 2356 animo
364 2309 544 2352 exsomnem.

114 2389 128 2434 1
235 2376 306 2440 128.
353 2379 387 2440 ln
419 2379 509 2439 huius
540 2381 683 2439 virtutum
715 2381 917 2440 aestimatione
950 2382 1008 2440 iam
1040 2380 1157 2459 pridem

216 2537 230 2584 1
250 2530 389 2601 principes
408 2530 435 2584 A
525 2537 543 2586 4
565 2531 620 2586 uisi
642 2533 705 2585 sunt
722 2532 750 2585 A
841 2539 857 2586 6
879 2530 1006 2600 proxime
1024 2531 1158 2601 Sebeffer:

144 2602 264 2654 maxime
282 2601 342 2654 AP
416 2607 432 2655 'l
451 2603 521 2656 haut
539 2602 649 2657 obstitit
668 2602 695 2655 P
711 2608 736 2656 et
753 2603 786 2656 in
803 2619 888 2672 marg.
908 2603 951 2658 A:
971 2605 1021 2657 aut
1038 2604 1113 2658 stitit
1130 2605 1159 2658 A

216 2677 231 2724 8
251 2672 411 2727 consulates
425 2674 452 2726 A
468 2674 472 2744 1
488 2673 701 2743 triumphosque
719 2673 821 2728 reddit
837 2674 870 2726 in
887 2675 926 2728 eol.
948 2673 1028 2729 Orell.
1045 2673 1049 2745 Ι
1066 2691 1158 2744 comp.

144 2742 328 2796 eveherentur
348 2743 532 2798 Vosoosauus:
552 2743 698 2813 complure
711 2745 906 2798 enumerentur
924 2745 1096 2814 (complures
1110 2764 1157 2800 nu,

144 2814 182 2881 A)
202 2813 278 2880 MA,
302 2815 447 2883 complura
469 2816 698 2869 enumerarentur
718 2814 745 2867 P
835 2820 867 2868 10
890 2831 980 2883 neque
1000 2857 1006 2868 .
1027 2857 1033 2869 .
1053 2815 1159 2871 defecit

143 2885 209 2950 ΑΡ,
227 2884 300 2938 obelo
318 2890 452 2939 notarunt
470 2885 582 2940 Vossius
595 2890 620 2940 et
632 2885 790 2953 Boeelerus,
809 2887 894 2953 atque
908 2886 1000 2955 impar
1013 2887 1158 2955 rapacitas

144 2953 300 3009 ministeria
318 2955 414 3010 deficit
432 2957 564 3025 Madvig,
587 2971 678 3024 neque
699 2955 730 3008 in
751 2972 838 3024 parva
855 2957 984 3026 paucitas
1006 2956 1158 3011 ministerii

144 3024 248 3079 suffieit
261 3026 407 3096 Kreyssi93
422 3028 540 3082 aliorum
553 3032 668 3081 conatos
681 3043 706 3081 o.
721 3028 798 3094 apud
806 3027 897 3084 Kritz.
944 3034 975 3080 11
992 3029 1036 3081 est
1045 3027 1157 3082 Rutulo.

144 3111 159 3148 e
179 3097 240 3164 (pro
259 3100 285 3165 e)
304 3097 344 3164 A,
364 3099 393 3150 et
413 3097 446 3165 P,
466 3099 508 3152 est
527 3098 556 3151 et
574 3097 703 3165 Gladius,
723 3100 766 3151 ert
782 3096 813 3152 id
829 3098 978 3153 Bueretius
1046 3105 1078 3152 12
1097 3116 1158 3152 mu-

143 3166 204 3220 nire
222 3167 281 3220 AP
304 3170 308 3234 ι
333 3167 374 3221 Ti.
392 3168 434 3245 3³:
453 3168 485 3223 Τ.
503 3169 544 3236 A,
562 3169 626 3223 item
644 3185 666 3223 o.
687 3173 752 3234 129,
772 3174 785 3221 1
864 3175 898 3223 13
918 3169 1041 3237 equestri
1058 3170 1087 3223 A

146 3243 179 3291 14
196 3238 372 3306 uetereisque
391 3239 420 3292 et
436 3238 571 3309 insigneis
591 3238 619 3292 P
635 3239 703 3308 (uon
720 3241 759 3308 A)
818 3245 851 3293 17
870 3239 967 3309 uigore
986 3239 1074 3295 animi
1092 3256 1157 3295 eon·

143 3325 216 3377 page
235 3308 262 3362 A
326 3315 359 3363 18
379 3325 495 3378 operum
513 3310 647 3380 Krepastp
711 3316 744 3364 m
765 3326 798 3365 eo
817 3310 892 3378 quod
909 3311 937 3364 A
955 3327 1023 3365 corr.
1042 3327 1077 3366 ex
1095 3327 1156 3380 eoq.

146 3380 149 3448 Ι
171 3394 335 3448 semperque
355 3379 431 3434 MA:
450 3396 560 3449 semper
579 3381 608 3455 13
692 3387 726 3435 22
746 3397 775 3435 se
792 3379 955 3435 metientem
976 3381 1013 3434 P:
1033 3380 1157 3436 sencien-

143 3451 202 3501 tem
220 3449 248 3502 A
329 3455 362 3502 23
382 3466 416 3504 ex
435 3466 546 3505 omnem
564 3450 591 3504 A
671 3458 706 3506 24
724 3451 859 3506 uirtutem
877 3451 1102 3507 aestimationem
1122 3452 1161 3506 M
