2422 3848
107 169 128 231 2
608 168 622 220 Ι

107 334 242 394 siliorum
265 335 396 393 omnium
420 350 523 393 sorore
542 332 674 414 Electra,
697 333 791 393 virilis
810 335 900 393 animi
923 334 1045 416 femina,
1069 335 1136 394 obs

106 428 233 482 truncat.
271 422 381 482 lactum
409 424 473 482 eius
497 440 513 480 a
537 422 593 481 diis
622 421 846 500 comprobatum
870 424 965 501 spatio
988 425 1065 483 vitae
1090 435 1120 483 et

106 511 246 571 felicitate
273 512 391 590 imperii
419 511 568 590 apparuit;
602 511 711 589 quippe
738 512 811 571 vixit
838 513 923 596 annis
951 515 1119 591 nonaginta,

106 600 240 678 regnavit
262 600 456 678 septuaginta.
496 600 568 676 quin
592 617 624 658 se
647 600 736 658 etiam
755 597 899 678 aPyrrho
914 598 1035 660 Aehulis
1059 600 1118 659 filio

105 691 215 749 virtute
245 687 413 746 vindicavit.
449 704 517 746 nam
545 687 625 764 quod
652 693 755 764 pactae
785 689 849 747 eius
877 687 1002 748 Menelai
1030 697 1147 766 atque5

105 775 235 836 Helenae
272 775 348 834 filiae
383 773 560 834 Hermiones
597 776 716 853 nuptias
753 784 962 857 occupaverat,
999 775 1119 855 Delphis

73 877 175 925 4eum
206 863 366 923 interfecit.
411 881 465 942 per
494 863 568 923 haeo
596 870 731 941 tempora
757 862 858 943 Lydus
889 872 918 925 et
946 864 1118 943 Tyrrhenus

106 953 214 1011 iratres
242 969 311 1012 oum
339 959 500 1029 regnarent
522 953 553 1011 in
576 950 680 1031 Lydia,
709 952 864 1012 sterilitate
893 953 1013 1031 lrugum
1041 972 1118 1012 com·

105 1040 184 1119 pulsi
207 1041 305 1100 sortiti
330 1048 414 1119 suut,
437 1048 505 1100 uter
531 1057 600 1099 oum
621 1046 706 1117 parte
730 1038 928 1101 multitudinis
951 1043 1047 1120 patria
1070 1041 1118 1100 de-

107 1129 235 1188 cederet.
259 1146 325 1188 sors
348 1127 537 1206 Tyrrhenum
560 1129 698 1206 contigit:
726 1136 885 1207 pervectus
907 1131 939 1189 in
953 1129 1065 1189 ltaliam
1090 1139 1151 1189 et1⁴

106 1217 170 1277 loeo
195 1225 226 1277 et
247 1216 353 1276 incolis
377 1223 407 1275 et
430 1218 504 1275 mari
527 1213 625 1275 nobile
649 1232 683 1275 ao
706 1223 887 1295 perpetuum
909 1234 926 1275 a
950 1235 981 1276 se
1010 1235 1119 1276 nomen

107 1304 196 1364 dedit.
232 1311 301 1382 post
324 1301 441 1363 Orestis
463 1305 618 1365 interitum
641 1303 693 1363 lilii
717 1306 781 1363 eius
805 1303 959 1364 Penthilus
984 1314 1014 1364 et
1038 1305 1118 1363 Tisa-

107 1411 212 1453 menus
226 1409 398 1469 regnavere
421 1393 558 1452 triennio.

76 1495 89 1541 1
195 1478 224 1541 2.
257 1479 336 1540 Tum
363 1480 425 1539 iere
454 1498 531 1539 anno
562 1482 743 1558 octogesimo
762 1488 831 1559 post
853 1480 973 1539 Troiam
996 1487 1118 1558 captam,

108 1571 271 1630 centesimo
295 1575 325 1628 et
347 1570 487 1627 vicesimo
511 1585 599 1646 quam
619 1566 765 1630 Hercules
788 1568 823 1628 ad
848 1567 919 1628 deos
943 1577 1119 1647 excesserat,
1134 1580 1162 1619 1&

107 1657 224 1737 Pelopis
251 1658 424 1738 progenies,
455 1674 528 1734 quae
558 1659 638 1715 omni
665 1657 721 1716 hoo
750 1665 884 1736 tempore
912 1657 1005 1735 pulsis
1028 1655 1118 1715 llera·

107 1745 191 1806 olidis
213 1744 412 1824 Peloponnesi
438 1746 597 1822 imperium
620 1743 802 1825 obtinuerat,
833 1745 869 1805 ab
892 1742 1029 1804 Herculis
1051 1763 1119 1823 pro·

106 1837 191 1913 genie
215 1833 381 1913 expellitur.
415 1832 506 1893 duces
519 1833 717 1911 recuperandi
730 1835 849 1913 imperii
864 1833 947 1893 luere
962 1832 1119 1912 Temenus,

107 1921 319 2001 Cresphontes,
342 1920 560 2002 Aristodemus,
584 1938 712 1998 quorum
736 1921 844 1982 abavus
868 1922 973 1981 luerat.
1015 1921 1119 1980 eodem

106 2011 168 2069 lere
192 2017 326 2089 tempore
340 2007 471 2069 Athenae
496 2007 551 2068 soh
570 2009 691 2087 regibus
715 2028 779 2070 esse
804 2010 970 2091 desierunt,
994 2027 1120 2088 quarum
1134 2021 1161 2059 20

107 2098 228 2157 ultimus
251 2116 305 2158 rex
329 2098 385 2157 luit
408 2096 535 2178 Codrus,
558 2096 700 2159 Melanthi
722 2097 813 2176 filius,
837 2100 881 2158 vir
904 2117 964 2158 non
987 2106 1119 2177 praeter-

107 2185 231 2246 eundus
269 2188 377 2266 quippe
402 2204 470 2248 oum
484 2185 708 2246 Lacedaemonii
731 2188 812 2264 gravi
825 2185 902 2245 bello
917 2186 1030 2244 Atticos
1052 2202 1119 2261 pre-

106 2282 222 2334 merent
253 2274 516 2354 respondissetque
543 2273 679 2353 Pythius,
713 2291 841 2350 quorum
873 2271 933 2331 dux
965 2271 1001 2330 ab
1034 2271 1119 2329 hoste

92 2371 186 2423 esset
209 2365 339 2443 oooisus,
363 2381 414 2423 eos
438 2364 555 2422 futuros
579 2363 763 2440 superioreS,
787 2360 921 2438 deposita
935 2367 1017 2419 veste
1039 2360 1120 2436 regia

105 2450 284 2530 pastoralem
316 2450 428 2511 cultum
459 2448 570 2528 induit,
601 2450 813 2526 immixtosque
846 2449 952 2507 eastris
981 2447 1120 2527 hostium,
1135 2461 1160 2498 25

107 2539 143 2599 de
166 2539 312 2599 industria
343 2541 436 2598 rixam
469 2539 564 2617 dieue,
600 2536 805 2614 imprudenter
837 2538 1034 2614 interemptus
1067 2544 1120 2594 est.

76 2627 237 2689 otodrnm
270 2644 339 2686 cum
370 2634 465 2686 morte
499 2632 619 2684 aeterna
652 2624 758 2704 gloria,
790 2623 986 2684 Athenienses
1020 2632 1121 2684 seouta

106 2717 228 2776 victoria
251 2723 305 2775 est.
329 2717 395 2792 quis
419 2733 489 2774 eum
510 2730 571 2772 non
585 2714 723 2791 miretur,
748 2714 799 2790 qui
813 2715 849 2773 iis
864 2711 978 2773 artibus
994 2720 1120 2772 mortem

108 2805 281 2883 quaesierit,
313 2803 422 2882 quibus
455 2801 490 2862 ab
522 2802 635 2879 ignavis
667 2802 726 2860 vita
758 2803 860 2879 quaeri
893 2797 989 2862 solet?
1031 2801 1120 2860 huius

107 2893 184 2954 filius
207 2891 313 2951 Medon
340 2895 455 2971 primos
482 2888 594 2949 archon
617 2887 739 2948 Athenis
769 2890 832 2949 luit.
870 2889 985 2949 abhoc
1008 2890 1120 2968 posteri
1135 2902 1161 2940 ³0

178 3080 281 3149 oquin
300 3079 447 3148 Woploeuo:
476 3077 529 3145 qui
545 3076 579 3145 P,
598 3076 660 3144 quis
679 3077 800 3146 (quibus)
820 3078 872 3131 olii
954 3075 1016 3128 tei
1030 3075 1121 3127 Aldus

161 3157 193 3204 12
211 3150 363 3205 Penthelus
379 3149 413 3216 P,
433 3165 480 3203 em.
505 3148 623 3202 Ursinus
696 3153 729 3203 18
749 3147 880 3202 Teminus
902 3147 929 3198 P
1002 3151 1034 3198 19
1054 3145 1120 3199 aba·

105 3239 157 3275 vus
176 3221 309 3290 Scaliger:
333 3222 431 3274 atavus
456 3220 485 3272 P
586 3225 620 3272 20
638 3219 697 3273 fere
717 3220 765 3272 M:
793 3218 881 3271 ferme
902 3217 930 3269 P
1034 3221 1067 3269 26
1086 3216 1120 3268 de

106 3291 243 3345 industria
264 3291 455 3360 imprudenter
476 3291 510 3358 P,
535 3290 616 3360 impr.
640 3291 811 3359 transposuit
833 3288 981 3343 Acidaliae
1005 3287 1120 3356 (impru-

107 3362 219 3431 denter,
238 3362 272 3415 de
285 3361 423 3416 industria
437 3361 531 3432 Orelli)
546 3364 555 3432 {t
569 3380 590 3415 r.
606 3361 680 3416 ciens
693 3362 844 3416 Burere'os:
868 3359 972 3414 rixam.
987 3357 1074 3412 ineies
1087 3357 1124 3409 M

107 3431 284 3499 (rixaninoies
304 3433 341 3500 P)
414 3438 448 3488 28
466 3433 510 3488 his
530 3434 559 3487 P
