<?xml version="1.0" encoding="UTF-8"?>
<!DOCTYPE html PUBLIC "-//W3C//DTD XHTML 1.0 Transitional//EN"
    "http://www.w3.org/TR/xhtml1/DTD/xhtml1-transitional.dtd">
<html xmlns="http://www.w3.org/1999/xhtml" xml:lang="en" lang="en">
 <head>
  <title>
</title>
<meta http-equiv="Content-Type" content="text/html;charset=utf-8" />
  <meta name='ocr-system' content='tesseract 3.04.00' />
  <meta name='ocr-capabilities' content='ocr_page ocr_carea ocr_par ocr_line ocrx_word'/>
</head>
<body>
  <div class='ocr_page' id='page_1' title='image "./exhistoriaeroma00pategoog_0097.png"; bbox 0 0 2422 3848; ppageno 0'>
   <div class='ocr_carea' id='block_1_1' title="bbox 110 186 635 249">
    <p class='ocr_par' dir='ltr' id='par_1_1' title="bbox 110 186 635 249">
     <span class='ocr_line' id='line_1_1' title="bbox 110 186 635 249; baseline 0.002 0"><span class='ocrx_word' id='word_1_1' title='bbox 110 186 153 249; x_wconf 88' lang='grc'>86</span> <span class='ocrx_word' id='word_1_2' title='bbox 609 188 635 240; x_wconf 87' lang='grc' dir='ltr'>ΙΙ</span> 
     </span>
    </p>
   </div>
   <div class='ocr_carea' id='block_1_2' title="bbox 76 349 1167 2989">
    <p class='ocr_par' dir='ltr' id='par_1_2' title="bbox 78 349 1163 965">
     <span class='ocr_line' id='line_1_2' title="bbox 78 349 1143 433; baseline 0.006 -23"><span class='ocrx_word' id='word_1_3' title='bbox 78 365 93 410; x_wconf 86' lang='lat' dir='ltr'>t</span> <span class='ocrx_word' id='word_1_4' title='bbox 202 349 251 412; x_wconf 77' lang='lat'>78.</span> <span class='ocrx_word' id='word_1_5' title='bbox 288 349 352 412; x_wconf 92' lang='lat' dir='ltr'>Hoc</span> <span class='ocrx_word' id='word_1_6' title='bbox 375 360 473 413; x_wconf 89' lang='lat' dir='ltr'>tractu</span> <span class='ocrx_word' id='word_1_7' title='bbox 498 362 664 431; x_wconf 90' lang='lat' dir='ltr'>temporum</span> <span class='ocrx_word' id='word_1_8' title='bbox 680 352 844 433; x_wconf 83' lang='lat' dir='ltr'>Octaviam,</span> <span class='ocrx_word' id='word_1_9' title='bbox 868 370 1008 413; x_wconf 87' lang='lat' dir='ltr'>sororem</span> <span class='ocrx_word' id='word_1_10' title='bbox 1033 354 1143 415; x_wconf 83' lang='lat' dir='ltr'>Caesa-</span> 
     </span>
     <span class='ocr_line' id='line_1_3' title="bbox 109 438 1144 520; baseline 0.005 -22"><span class='ocrx_word' id='word_1_11' title='bbox 109 442 164 519; x_wconf 86' lang='lat' dir='ltr'>ris,</span> <span class='ocrx_word' id='word_1_12' title='bbox 189 438 225 500; x_wconf 89' lang='grc' dir='ltr'>Μ.</span> <span class='ocrx_word' id='word_1_13' title='bbox 240 439 386 500; x_wconf 84' lang='lat' dir='ltr'>Antonius</span> <span class='ocrx_word' id='word_1_14' title='bbox 409 441 493 500; x_wconf 90' lang='lat' dir='ltr'>duxit</span> <span class='ocrx_word' id='word_1_15' title='bbox 517 459 649 500; x_wconf 90' lang='lat' dir='ltr'>uxorem.</span> <span class='ocrx_word' id='word_1_16' title='bbox 695 442 824 501; x_wconf 79' lang='lat' dir='ltr'><strong>redierat</strong></span> <span class='ocrx_word' id='word_1_17' title='bbox 847 441 1014 520; x_wconf 89' lang='lat' dir='ltr'>Pompeius</span> <span class='ocrx_word' id='word_1_18' title='bbox 1039 445 1074 504; x_wconf 91' lang='lat' dir='ltr'>in</span> <span class='ocrx_word' id='word_1_19' title='bbox 1098 443 1144 504; x_wconf 91' lang='lat' dir='ltr'>Si·</span> 
     </span>
     <span class='ocr_line' id='line_1_4' title="bbox 109 527 1141 611; baseline 0.006 -25"><span class='ocrx_word' id='word_1_20' title='bbox 109 527 218 608; x_wconf 83' lang='lat' dir='ltr'>cilianr,</span> <span class='ocrx_word' id='word_1_21' title='bbox 248 528 393 589; x_wconf 84' lang='lat' dir='ltr'>Antonius</span> <span class='ocrx_word' id='word_1_22' title='bbox 417 531 447 588; x_wconf 93' lang='lat' dir='ltr'>in</span> <span class='ocrx_word' id='word_1_23' title='bbox 471 532 683 590; x_wconf 91' lang='lat' dir='ltr'>transmarinas</span> <span class='ocrx_word' id='word_1_24' title='bbox 706 531 886 610; x_wconf 80' lang='lat' dir='ltr'>provinciae,</span> <span class='ocrx_word' id='word_1_25' title='bbox 914 548 992 608; x_wconf 89' lang='lat' dir='ltr'>quas</span> <span class='ocrx_word' id='word_1_26' title='bbox 1019 534 1141 611; x_wconf 81' lang='lat' dir='ltr'>magnis</span> 
     </span>
     <span class='ocr_line' id='line_1_5' title="bbox 109 615 1139 696; baseline 0.007 -22"><span class='ocrx_word' id='word_1_27' title='bbox 109 616 288 676; x_wconf 71' lang='lat' dir='ltr'>molimentis</span> <span class='ocrx_word' id='word_1_28' title='bbox 321 615 483 695; x_wconf 75' lang='lat' dir='ltr'>Labienus,</span> <span class='ocrx_word' id='word_1_29' title='bbox 516 636 552 676; x_wconf 86' lang='lat' dir='ltr'>ex</span> <span class='ocrx_word' id='word_1_30' title='bbox 583 617 735 678; x_wconf 77' lang='lat' dir='ltr'>Brutianis</span> <span class='ocrx_word' id='word_1_31' title='bbox 768 619 873 678; x_wconf 88' lang='lat' dir='ltr'>castris</span> <span class='ocrx_word' id='word_1_32' title='bbox 904 619 1070 696; x_wconf 84' lang='lat' dir='ltr'>proiectus</span> <span class='ocrx_word' id='word_1_33' title='bbox 1104 620 1139 681; x_wconf 89' lang='lat' dir='ltr'>ad</span> 
     </span>
     <span class='ocr_line' id='line_1_6' title="bbox 108 704 1163 787; baseline 0.007 -24"><span class='ocrx_word' id='word_1_34' title='bbox 108 704 247 784; x_wconf 89' lang='lat' dir='ltr'>Parthos,</span> <span class='ocrx_word' id='word_1_35' title='bbox 270 704 416 783; x_wconf 91' lang='lat' dir='ltr'>perducto</span> <span class='ocrx_word' id='word_1_36' title='bbox 441 723 545 764; x_wconf 88' lang='lat' dir='ltr'>eorum</span> <span class='ocrx_word' id='word_1_37' title='bbox 569 709 702 767; x_wconf 86' lang='lat' dir='ltr'>exercitu</span> <span class='ocrx_word' id='word_1_38' title='bbox 725 708 756 765; x_wconf 96' lang='lat' dir='ltr'>in</span> <span class='ocrx_word' id='word_1_39' title='bbox 772 705 886 785; x_wconf 75' lang='lat' dir='ltr'>Syriam</span> <span class='ocrx_word' id='word_1_40' title='bbox 905 707 1163 787; x_wconf 67' lang='lat' dir='ltr'>interiectuquet</span> 
     </span>
     <span class='ocr_line' id='line_1_7' title="bbox 108 792 1140 873; baseline 0.006 -22"><span class='ocrx_word' id='word_1_41' title='bbox 108 792 204 870; x_wconf 84' lang='lat' dir='ltr'>legato</span> <span class='ocrx_word' id='word_1_42' title='bbox 228 792 348 852; x_wconf 81' lang='lat' dir='ltr'><strong>Antonii</strong></span> <span class='ocrx_word' id='word_1_43' title='bbox 371 802 577 854; x_wconf 80' lang='lat' dir='ltr'>concusserat:</span> <span class='ocrx_word' id='word_1_44' title='bbox 614 797 665 873; x_wconf 94' lang='lat' dir='ltr'>qui</span> <span class='ocrx_word' id='word_1_45' title='bbox 688 797 797 855; x_wconf 89' lang='lat' dir='ltr'>rirtute</span> <span class='ocrx_word' id='word_1_46' title='bbox 826 803 856 854; x_wconf 89' lang='lat' dir='ltr'>et</span> <span class='ocrx_word' id='word_1_47' title='bbox 886 794 980 855; x_wconf 89' lang='lat' dir='ltr'>ductu</span> <span class='ocrx_word' id='word_1_48' title='bbox 1002 795 1140 857; x_wconf 88' lang='lat' dir='ltr'>Ventidii</span> 
     </span>
     <span class='ocr_line' id='line_1_8' title="bbox 107 880 1138 965; baseline 0.007 -26"><span class='ocrx_word' id='word_1_49' title='bbox 107 899 166 939; x_wconf 93' lang='lat' dir='ltr'>uua</span> <span class='ocrx_word' id='word_1_50' title='bbox 190 899 258 940; x_wconf 87' lang='lat' dir='ltr'>curn</span> <span class='ocrx_word' id='word_1_51' title='bbox 272 880 450 941; x_wconf 75' lang='lat' dir='ltr'><strong>Parthorum</strong></span> <span class='ocrx_word' id='word_1_52' title='bbox 465 885 558 961; x_wconf 88' lang='lat' dir='ltr'>copiis</span> <span class='ocrx_word' id='word_1_53' title='bbox 573 882 827 961; x_wconf 73' lang='lat' dir='ltr'>celeberrimaque</span> <span class='ocrx_word' id='word_1_54' title='bbox 845 885 989 942; x_wconf 80' lang='lat' dir='ltr'>iuvenum</span> <span class='ocrx_word' id='word_1_55' title='bbox 1005 882 1138 965; x_wconf 91' lang='lat' dir='ltr'>Pacoro,</span> 
     </span>
    </p>

    <p class='ocr_par' dir='ltr' id='par_1_3' title="bbox 76 969 1167 1226">
     <span class='ocr_line' id='line_1_9' title="bbox 76 969 1138 1053; baseline 0.007 -27"><span class='ocrx_word' id='word_1_56' title='bbox 76 981 91 1026; x_wconf 79' lang='lat'>‘2</span> <span class='ocrx_word' id='word_1_57' title='bbox 108 971 186 1046; x_wconf 84' lang='lat' dir='ltr'>regis</span> <span class='ocrx_word' id='word_1_58' title='bbox 210 969 284 1049; x_wconf 85' lang='lat' dir='ltr'>tilio,</span> <span class='ocrx_word' id='word_1_59' title='bbox 310 972 459 1030; x_wconf 87' lang='lat' dir='ltr'>extinctus</span> <span class='ocrx_word' id='word_1_60' title='bbox 473 979 526 1031; x_wconf 88' lang='lat' dir='ltr'>est.</span> <span class='ocrx_word' id='word_1_61' title='bbox 564 973 684 1031; x_wconf 90' lang='lat' dir='ltr'>interim</span> <span class='ocrx_word' id='word_1_62' title='bbox 699 970 807 1031; x_wconf 82' lang='lat' dir='ltr'>Caesar</span> <span class='ocrx_word' id='word_1_63' title='bbox 821 989 875 1051; x_wconf 93' lang='lat' dir='ltr'>per</span> <span class='ocrx_word' id='word_1_64' title='bbox 894 970 968 1031; x_wconf 90' lang='lat' dir='ltr'>baec</span> <span class='ocrx_word' id='word_1_65' title='bbox 983 980 1138 1053; x_wconf 81' lang='lat' dir='ltr'>tempora,</span> 
     </span>
     <span class='ocr_line' id='line_1_10' title="bbox 110 1058 1137 1142; baseline 0.006 -27"><span class='ocrx_word' id='word_1_66' title='bbox 110 1075 147 1116; x_wconf 90' lang='lat' dir='ltr'>no</span> <span class='ocrx_word' id='word_1_67' title='bbox 162 1075 211 1116; x_wconf 90' lang='lat' dir='ltr'>res</span> <span class='ocrx_word' id='word_1_68' title='bbox 226 1058 397 1137; x_wconf 88' lang='lat' dir='ltr'>disciplinae</span> <span class='ocrx_word' id='word_1_69' title='bbox 412 1061 628 1139; x_wconf 91' lang='lat' dir='ltr'>inimicissima,</span> <span class='ocrx_word' id='word_1_70' title='bbox 648 1060 756 1139; x_wconf 90' lang='lat' dir='ltr'>otium,</span> <span class='ocrx_word' id='word_1_71' title='bbox 771 1067 978 1137; x_wconf 86' lang='lat' dir='ltr'>corrumperet</span> <span class='ocrx_word' id='word_1_72' title='bbox 995 1060 1137 1142; x_wconf 88' lang='lat' dir='ltr'>militem,</span> 
     </span>
     <span class='ocr_line' id='line_1_11' title="bbox 110 1145 1167 1226; baseline 0.006 -22"><span class='ocrx_word' id='word_1_73' title='bbox 110 1145 224 1205; x_wconf 84' lang='lat' dir='ltr'>crebris</span> <span class='ocrx_word' id='word_1_74' title='bbox 256 1148 287 1205; x_wconf 92' lang='lat' dir='ltr'>in</span> <span class='ocrx_word' id='word_1_75' title='bbox 320 1146 436 1225; x_wconf 84' lang='lat' dir='ltr'>illyrico</span> <span class='ocrx_word' id='word_1_76' title='bbox 471 1146 671 1226; x_wconf 74' lang='lat' dir='ltr'>Delmatisque</span> <span class='ocrx_word' id='word_1_77' title='bbox 709 1147 948 1225; x_wconf 84' lang='lat' dir='ltr'>expeditionibus</span> <span class='ocrx_word' id='word_1_78' title='bbox 984 1150 1136 1226; x_wconf 90' lang='lat' dir='ltr'>patientia</span> <span class='ocrx_word' id='word_1_79' title='bbox 1148 1158 1167 1199; x_wconf 78' lang='lat'>1⁰</span> 
     </span>
    </p>

    <p class='ocr_par' dir='ltr' id='par_1_4' title="bbox 76 1234 1162 1667">
     <span class='ocr_line' id='line_1_12' title="bbox 76 1234 1136 1313; baseline 0.007 -21"><span class='ocrx_word' id='word_1_80' title='bbox 76 1246 92 1292; x_wconf 89' lang='lat'><strong>3</strong></span> <span class='ocrx_word' id='word_1_81' title='bbox 107 1235 308 1312; x_wconf 86' lang='lat' dir='ltr'>periculorum</span> <span class='ocrx_word' id='word_1_82' title='bbox 333 1234 461 1312; x_wconf 87' lang='lat' dir='ltr'>bellique</span> <span class='ocrx_word' id='word_1_83' title='bbox 477 1237 660 1313; x_wconf 81' lang='lat' dir='ltr'>experientia</span> <span class='ocrx_word' id='word_1_84' title='bbox 675 1235 800 1296; x_wconf 88' lang='lat' dir='ltr'>durabat</span> <span class='ocrx_word' id='word_1_85' title='bbox 813 1238 988 1295; x_wconf 89' lang='lat' dir='ltr'>exercitum.</span> <span class='ocrx_word' id='word_1_86' title='bbox 1028 1236 1136 1299; x_wconf 87' lang='lat' dir='ltr'>eadem</span> 
     </span>
     <span class='ocr_line' id='line_1_13' title="bbox 107 1321 1136 1402; baseline 0.006 -21"><span class='ocrx_word' id='word_1_87' title='bbox 107 1330 283 1401; x_wconf 88' lang='lat' dir='ltr'>tempestate</span> <span class='ocrx_word' id='word_1_88' title='bbox 309 1321 447 1382; x_wconf 84' lang='lat' dir='ltr'>Calvinus</span> <span class='ocrx_word' id='word_1_89' title='bbox 461 1322 620 1402; x_wconf 89' lang='lat' dir='ltr'>Domitius,</span> <span class='ocrx_word' id='word_1_90' title='bbox 644 1342 713 1383; x_wconf 87' lang='lat' dir='ltr'>curn</span> <span class='ocrx_word' id='word_1_91' title='bbox 736 1342 773 1384; x_wconf 86' lang='lat' dir='ltr'>ex</span> <span class='ocrx_word' id='word_1_92' title='bbox 796 1323 953 1384; x_wconf 90' lang='lat' dir='ltr'>consulatu</span> <span class='ocrx_word' id='word_1_93' title='bbox 976 1323 1136 1387; x_wconf 85' lang='lat' dir='ltr'>obtineret</span> 
     </span>
     <span class='ocr_line' id='line_1_14' title="bbox 106 1409 1133 1493; baseline 0.006 -26"><span class='ocrx_word' id='word_1_94' title='bbox 106 1409 277 1488; x_wconf 90' lang='lat' dir='ltr'>Hispaniam</span> <span class='ocrx_word' id='word_1_95' title='bbox 283 1458 291 1490; x_wconf 92' lang='lat'>,</span> <span class='ocrx_word' id='word_1_96' title='bbox 333 1412 498 1488; x_wconf 83' lang='lat' dir='ltr'>gravissimi</span> <span class='ocrx_word' id='word_1_97' title='bbox 540 1411 789 1491; x_wconf 85' lang='lat' dir='ltr'>comparandique</span> <span class='ocrx_word' id='word_1_98' title='bbox 831 1413 960 1489; x_wconf 90' lang='lat' dir='ltr'>antiquis</span> <span class='ocrx_word' id='word_1_99' title='bbox 999 1414 1133 1493; x_wconf 87' lang='lat' dir='ltr'>exempli</span> 
     </span>
     <span class='ocr_line' id='line_1_15' title="bbox 108 1499 1133 1579; baseline 0.005 -23"><span class='ocrx_word' id='word_1_100' title='bbox 108 1505 212 1557; x_wconf 92' lang='lat' dir='ltr'>auctor</span> <span class='ocrx_word' id='word_1_101' title='bbox 240 1499 310 1559; x_wconf 88' lang='lat' dir='ltr'>luit:</span> <span class='ocrx_word' id='word_1_102' title='bbox 346 1500 455 1577; x_wconf 90' lang='lat' dir='ltr'>quippe</span> <span class='ocrx_word' id='word_1_103' title='bbox 489 1501 578 1578; x_wconf 88' lang='lat' dir='ltr'>primi</span> <span class='ocrx_word' id='word_1_104' title='bbox 610 1499 661 1579; x_wconf 93' lang='lat' dir='ltr'>pili</span> <span class='ocrx_word' id='word_1_105' title='bbox 695 1502 900 1561; x_wconf 87' lang='lat' dir='ltr'>centurionem</span> <span class='ocrx_word' id='word_1_106' title='bbox 932 1503 1058 1561; x_wconf 89' lang='lat' dir='ltr'>nomine</span> <span class='ocrx_word' id='word_1_107' title='bbox 1084 1501 1133 1561; x_wconf 87' lang='lat' dir='ltr'>Vi·</span> 
     </span>
     <span class='ocr_line' id='line_1_16' title="bbox 107 1585 1162 1667; baseline 0.005 -23"><span class='ocrx_word' id='word_1_108' title='bbox 107 1585 222 1647; x_wconf 91' lang='lat' dir='ltr'>billium</span> <span class='ocrx_word' id='word_1_109' title='bbox 245 1586 283 1646; x_wconf 90' lang='lat' dir='ltr'>ob</span> <span class='ocrx_word' id='word_1_110' title='bbox 307 1595 426 1666; x_wconf 83' lang='lat' dir='ltr'>turpem</span> <span class='ocrx_word' id='word_1_111' title='bbox 450 1606 486 1647; x_wconf 84' lang='lat' dir='ltr'>ex</span> <span class='ocrx_word' id='word_1_112' title='bbox 510 1591 572 1647; x_wconf 89' lang='lat' dir='ltr'>acie</span> <span class='ocrx_word' id='word_1_113' title='bbox 596 1589 695 1667; x_wconf 86' lang='lat' dir='ltr'>lugam</span> <span class='ocrx_word' id='word_1_114' title='bbox 719 1589 791 1648; x_wconf 89' lang='lat' dir='ltr'>lusti</span> <span class='ocrx_word' id='word_1_115' title='bbox 813 1590 971 1667; x_wconf 86' lang='lat' dir='ltr'>percussit.</span> <span class='ocrx_word' id='word_1_116' title='bbox 1143 1598 1162 1641; x_wconf 73' lang='lat'>¹⁵</span> 
     </span>
    </p>

    <p class='ocr_par' dir='ltr' id='par_1_5' title="bbox 77 1672 1160 2286">
     <span class='ocr_line' id='line_1_17' title="bbox 77 1672 1131 1759; baseline 0.007 -27"><span class='ocrx_word' id='word_1_117' title='bbox 77 1685 91 1732; x_wconf 94' lang='lat'>1</span> <span class='ocrx_word' id='word_1_118' title='bbox 198 1672 247 1735; x_wconf 78' lang='lat'>79.</span> <span class='ocrx_word' id='word_1_119' title='bbox 291 1675 451 1736; x_wconf 85' lang='lat' dir='ltr'>Crescente</span> <span class='ocrx_word' id='word_1_120' title='bbox 484 1678 515 1736; x_wconf 90' lang='lat' dir='ltr'>in</span> <span class='ocrx_word' id='word_1_121' title='bbox 548 1677 610 1736; x_wconf 92' lang='lat' dir='ltr'>dies</span> <span class='ocrx_word' id='word_1_122' title='bbox 644 1685 674 1736; x_wconf 89' lang='lat' dir='ltr'>et</span> <span class='ocrx_word' id='word_1_123' title='bbox 705 1676 798 1736; x_wconf 91' lang='lat' dir='ltr'>classe</span> <span class='ocrx_word' id='word_1_124' title='bbox 831 1684 861 1736; x_wconf 90' lang='lat' dir='ltr'>et</span> <span class='ocrx_word' id='word_1_125' title='bbox 893 1678 969 1736; x_wconf 88' lang='lat' dir='ltr'>lama</span> <span class='ocrx_word' id='word_1_126' title='bbox 1003 1677 1131 1759; x_wconf 87' lang='lat' dir='ltr'>Pompei</span> 
     </span>
     <span class='ocr_line' id='line_1_18' title="bbox 107 1763 1129 1843; baseline 0.005 -21"><span class='ocrx_word' id='word_1_127' title='bbox 107 1763 215 1822; x_wconf 84' lang='lat' dir='ltr'>Caesar</span> <span class='ocrx_word' id='word_1_128' title='bbox 247 1763 355 1824; x_wconf 89' lang='lat' dir='ltr'>molem</span> <span class='ocrx_word' id='word_1_129' title='bbox 386 1763 456 1824; x_wconf 91' lang='lat' dir='ltr'>belli</span> <span class='ocrx_word' id='word_1_130' title='bbox 489 1767 553 1824; x_wconf 92' lang='lat' dir='ltr'>eius</span> <span class='ocrx_word' id='word_1_131' title='bbox 579 1767 739 1843; x_wconf 67' lang='lat' dir='ltr'>“suscipere</span> <span class='ocrx_word' id='word_1_132' title='bbox 772 1767 883 1825; x_wconf 87' lang='lat' dir='ltr'>statuit.</span> <span class='ocrx_word' id='word_1_133' title='bbox 934 1763 1129 1827; x_wconf 85' lang='lat' dir='ltr'>aedificandis</span> 
     </span>
     <span class='ocr_line' id='line_1_19' title="bbox 109 1851 1129 1931; baseline 0.006 -22"><span class='ocrx_word' id='word_1_134' title='bbox 109 1851 231 1912; x_wconf 84' lang='lat' dir='ltr'>naribus</span> <span class='ocrx_word' id='word_1_135' title='bbox 255 1852 518 1931; x_wconf 88' lang='lat' dir='ltr'>contralrendoquo</span> <span class='ocrx_word' id='word_1_136' title='bbox 542 1852 628 1912; x_wconf 90' lang='lat' dir='ltr'>militi</span> <span class='ocrx_word' id='word_1_137' title='bbox 651 1871 685 1912; x_wconf 91' lang='lat' dir='ltr'>ac</span> <span class='ocrx_word' id='word_1_138' title='bbox 709 1853 815 1931; x_wconf 84' lang='lat' dir='ltr'>remigi</span> <span class='ocrx_word' id='word_1_139' title='bbox 839 1852 1053 1931; x_wconf 81' lang='lat' dir='ltr'>navalibusque</span> <span class='ocrx_word' id='word_1_140' title='bbox 1078 1855 1129 1915; x_wconf 93' lang='lat' dir='ltr'>ad·</span> 
     </span>
     <span class='ocr_line' id='line_1_20' title="bbox 107 1939 1128 2020; baseline 0.006 -22"><span class='ocrx_word' id='word_1_141' title='bbox 107 1939 273 1999; x_wconf 89' lang='lat' dir='ltr'>suescendo</span> <span class='ocrx_word' id='word_1_142' title='bbox 301 1940 513 2000; x_wconf 89' lang='lat' dir='ltr'>certaminibus</span> <span class='ocrx_word' id='word_1_143' title='bbox 542 1948 630 2018; x_wconf 92' lang='lat' dir='ltr'>atque</span> <span class='ocrx_word' id='word_1_144' title='bbox 658 1940 921 2001; x_wconf 85' lang='lat' dir='ltr'>exercitationibus</span> <span class='ocrx_word' id='word_1_145' title='bbox 953 1942 1128 2020; x_wconf 84' lang='lat' dir='ltr'>praelectus</span> 
     </span>
     <span class='ocr_line' id='line_1_21' title="bbox 107 2026 1160 2110; baseline 0.006 -25"><span class='ocrx_word' id='word_1_146' title='bbox 107 2034 154 2086; x_wconf 92' lang='lat' dir='ltr'>est</span> <span class='ocrx_word' id='word_1_147' title='bbox 176 2026 213 2085; x_wconf 91' lang='grc' dir='ltr'>Μ.</span> <span class='ocrx_word' id='word_1_148' title='bbox 228 2026 370 2108; x_wconf 79' lang='lat' dir='ltr'>Agrippa,</span> <span class='ocrx_word' id='word_1_149' title='bbox 394 2030 512 2089; x_wconf 89' lang='lat' dir='ltr'>virtutis</span> <span class='ocrx_word' id='word_1_150' title='bbox 536 2027 750 2110; x_wconf 85' lang='lat' dir='ltr'>nobilissimae,</span> <span class='ocrx_word' id='word_1_151' title='bbox 774 2028 890 2109; x_wconf 91' lang='lat' dir='ltr'>labore,</span> <span class='ocrx_word' id='word_1_152' title='bbox 909 2029 1022 2107; x_wconf 84' lang='lat' dir='ltr'>vigilia,</span> <span class='ocrx_word' id='word_1_153' title='bbox 1045 2033 1160 2110; x_wconf 74' lang='lat' dir='ltr'>peri-2⁰</span> 
     </span>
     <span class='ocr_line' id='line_1_22' title="bbox 108 2114 1127 2197; baseline 0.006 -23"><span class='ocrx_word' id='word_1_154' title='bbox 108 2114 175 2174; x_wconf 94' lang='lat' dir='ltr'>culo</span> <span class='ocrx_word' id='word_1_155' title='bbox 189 2116 318 2176; x_wconf 86' lang='lat' dir='ltr'>invictus</span> <span class='ocrx_word' id='word_1_156' title='bbox 341 2116 537 2195; x_wconf 87' lang='lat' dir='ltr'>parendique,</span> <span class='ocrx_word' id='word_1_157' title='bbox 562 2116 614 2176; x_wconf 91' lang='lat' dir='ltr'>sed</span> <span class='ocrx_word' id='word_1_158' title='bbox 628 2119 695 2197; x_wconf 94' lang='lat' dir='ltr'>uni,</span> <span class='ocrx_word' id='word_1_159' title='bbox 719 2119 949 2197; x_wconf 84' lang='lat' dir='ltr'>scientissimus,</span> <span class='ocrx_word' id='word_1_160' title='bbox 973 2116 1040 2179; x_wconf 90' lang='lat' dir='ltr'>aliis</span> <span class='ocrx_word' id='word_1_161' title='bbox 1054 2136 1127 2181; x_wconf 89' lang='lat' dir='ltr'>saue</span> 
     </span>
     <span class='ocr_line' id='line_1_23' title="bbox 108 2203 1127 2286; baseline 0.005 -24"><span class='ocrx_word' id='word_1_162' title='bbox 108 2203 272 2281; x_wconf 90' lang='lat' dir='ltr'>imperandi</span> <span class='ocrx_word' id='word_1_163' title='bbox 301 2205 426 2284; x_wconf 90' lang='lat' dir='ltr'>cupidus</span> <span class='ocrx_word' id='word_1_164' title='bbox 455 2213 485 2265; x_wconf 91' lang='lat' dir='ltr'>et</span> <span class='ocrx_word' id='word_1_165' title='bbox 511 2224 566 2284; x_wconf 88' lang='lat' dir='ltr'>per</span> <span class='ocrx_word' id='word_1_166' title='bbox 594 2206 692 2265; x_wconf 90' lang='lat' dir='ltr'>omnia</span> <span class='ocrx_word' id='word_1_167' title='bbox 723 2213 805 2265; x_wconf 88' lang='lat' dir='ltr'>extra</span> <span class='ocrx_word' id='word_1_168' title='bbox 828 2205 984 2265; x_wconf 82' lang='lat' dir='ltr'>dilationes</span> <span class='ocrx_word' id='word_1_169' title='bbox 1007 2209 1127 2286; x_wconf 88' lang='lat' dir='ltr'>positus</span> 
     </span>
    </p>

    <p class='ocr_par' dir='ltr' id='par_1_6' title="bbox 76 2291 1167 2812">
     <span class='ocr_line' id='line_1_24' title="bbox 76 2291 1127 2371; baseline 0.004 -20"><span class='ocrx_word' id='word_1_170' title='bbox 76 2291 311 2370; x_wconf 70' lang='lat' dir='ltr'>aconsultisque</span> <span class='ocrx_word' id='word_1_171' title='bbox 336 2294 412 2353; x_wconf 87' lang='lat' dir='ltr'>facta</span> <span class='ocrx_word' id='word_1_172' title='bbox 435 2295 627 2371; x_wconf 85' lang='lat' dir='ltr'>coniungens.</span> <span class='ocrx_word' id='word_1_173' title='bbox 670 2293 718 2353; x_wconf 92' lang='lat' dir='ltr'>bic</span> <span class='ocrx_word' id='word_1_174' title='bbox 741 2295 771 2352; x_wconf 92' lang='lat' dir='ltr'>in</span> <span class='ocrx_word' id='word_1_175' title='bbox 795 2293 911 2354; x_wconf 83' lang='lat' dir='ltr'>Averno</span> <span class='ocrx_word' id='word_1_176' title='bbox 935 2312 969 2353; x_wconf 91' lang='lat' dir='ltr'>ac</span> <span class='ocrx_word' id='word_1_177' title='bbox 991 2292 1127 2357; x_wconf 91' lang='lat' dir='ltr'>Lucrino</span> 
     </span>
     <span class='ocr_line' id='line_1_25' title="bbox 108 2379 1126 2459; baseline 0.006 -21"><span class='ocrx_word' id='word_1_178' title='bbox 108 2379 173 2440; x_wconf 90' lang='lat' dir='ltr'>lacu</span> <span class='ocrx_word' id='word_1_179' title='bbox 197 2383 416 2459; x_wconf 89' lang='lat' dir='ltr'>speciosissima</span> <span class='ocrx_word' id='word_1_180' title='bbox 439 2381 532 2441; x_wconf 88' lang='lat' dir='ltr'>classe</span> <span class='ocrx_word' id='word_1_181' title='bbox 561 2380 701 2441; x_wconf 86' lang='lat' dir='ltr'>fabricata</span> <span class='ocrx_word' id='word_1_182' title='bbox 726 2381 880 2443; x_wconf 87' lang='lat' dir='ltr'>cotidianis</span> <span class='ocrx_word' id='word_1_183' title='bbox 903 2384 1126 2444; x_wconf 87' lang='lat' dir='ltr'>exercitationi·</span> 
     </span>
     <span class='ocr_line' id='line_1_26' title="bbox 108 2468 1159 2546; baseline 0.006 -19"><span class='ocrx_word' id='word_1_184' title='bbox 108 2468 164 2529; x_wconf 95' lang='lat' dir='ltr'>bus</span> <span class='ocrx_word' id='word_1_185' title='bbox 189 2468 313 2530; x_wconf 89' lang='lat' dir='ltr'>militem</span> <span class='ocrx_word' id='word_1_186' title='bbox 336 2471 538 2546; x_wconf 85' lang='lat' dir='ltr'>remigemque</span> <span class='ocrx_word' id='word_1_187' title='bbox 563 2468 599 2527; x_wconf 93' lang='lat' dir='ltr'>ad</span> <span class='ocrx_word' id='word_1_188' title='bbox 623 2487 769 2530; x_wconf 90' lang='lat' dir='ltr'>summam</span> <span class='ocrx_word' id='word_1_189' title='bbox 792 2480 822 2530; x_wconf 87' lang='lat' dir='ltr'>et</span> <span class='ocrx_word' id='word_1_190' title='bbox 844 2469 980 2530; x_wconf 89' lang='lat' dir='ltr'>militaris</span> <span class='ocrx_word' id='word_1_191' title='bbox 1008 2478 1041 2531; x_wconf 89' lang='lat' dir='ltr'>et</span> <span class='ocrx_word' id='word_1_192' title='bbox 1063 2480 1159 2532; x_wconf 68' lang='lat' dir='ltr'>ma-ts</span> 
     </span>
     <span class='ocr_line' id='line_1_27' title="bbox 109 2556 1126 2640; baseline 0.004 -26"><span class='ocrx_word' id='word_1_193' title='bbox 109 2558 224 2615; x_wconf 91' lang='lat' dir='ltr'>ritimae</span> <span class='ocrx_word' id='word_1_194' title='bbox 252 2559 298 2615; x_wconf 87' lang='lat' dir='ltr'>rei</span> <span class='ocrx_word' id='word_1_195' title='bbox 324 2556 464 2634; x_wconf 89' lang='lat' dir='ltr'>perduxit</span> <span class='ocrx_word' id='word_1_196' title='bbox 490 2559 653 2618; x_wconf 85' lang='lat' dir='ltr'>scientiam.</span> <span class='ocrx_word' id='word_1_197' title='bbox 703 2558 758 2618; x_wconf 89' lang='lat' dir='ltr'>bac</span> <span class='ocrx_word' id='word_1_198' title='bbox 788 2558 875 2618; x_wconf 84' lang='lat' dir='ltr'>classi</span> <span class='ocrx_word' id='word_1_199' title='bbox 903 2556 1025 2640; x_wconf 83' lang='lat' dir='ltr'>Caesar,</span> <span class='ocrx_word' id='word_1_200' title='bbox 1055 2578 1126 2639; x_wconf 87' lang='lat' dir='ltr'>cum</span> 
     </span>
     <span class='ocr_line' id='line_1_28' title="bbox 108 2638 1167 2728; baseline 0.006 -26"><span class='ocrx_word' id='word_1_201' title='bbox 108 2646 193 2723; x_wconf 88' lang='lat' dir='ltr'>prins</span> <span class='ocrx_word' id='word_1_202' title='bbox 217 2643 419 2722; x_wconf 89' lang='lat' dir='ltr'>despondente</span> <span class='ocrx_word' id='word_1_203' title='bbox 443 2646 472 2704; x_wconf 87' lang='lat' dir='ltr'>ei</span> <span class='ocrx_word' id='word_1_204' title='bbox 494 2645 625 2724; x_wconf 88' lang='lat' dir='ltr'>Nerone,</span> <span class='ocrx_word' id='word_1_205' title='bbox 654 2648 703 2706; x_wconf 90' lang='lat' dir='ltr'>eui</span> <span class='ocrx_word' id='word_1_206' title='bbox 726 2653 793 2705; x_wconf 90' lang='lat' dir='ltr'>ante</span> <span class='ocrx_word' id='word_1_207' title='bbox 822 2653 913 2724; x_wconf 92' lang='lat' dir='ltr'>nupta</span> <span class='ocrx_word' id='word_1_208' title='bbox 937 2647 1049 2728; x_wconf 91' lang='lat' dir='ltr'>luerat,</span> <span class='ocrx_word' id='word_1_209' title='bbox 1076 2646 1127 2708; x_wconf 89' lang='lat' dir='ltr'>Li·</span> <span class='ocrx_word' id='word_1_210' title='bbox 1163 2638 1167 2645; x_wconf 73' lang='grc'><strong>’</strong></span> 
     </span>
     <span class='ocr_line' id='line_1_29' title="bbox 108 2733 1126 2812; baseline 0.005 -22"><span class='ocrx_word' id='word_1_211' title='bbox 108 2734 197 2811; x_wconf 89' lang='lat' dir='ltr'>viam,</span> <span class='ocrx_word' id='word_1_212' title='bbox 240 2733 399 2810; x_wconf 89' lang='lat' dir='ltr'>auspicatis</span> <span class='ocrx_word' id='word_1_213' title='bbox 435 2735 480 2792; x_wconf 88' lang='lat' dir='ltr'>rei</span> <span class='ocrx_word' id='word_1_214' title='bbox 516 2733 651 2812; x_wconf 90' lang='lat' dir='ltr'>publicae</span> <span class='ocrx_word' id='word_1_215' title='bbox 692 2733 841 2793; x_wconf 91' lang='lat' dir='ltr'>ominibus</span> <span class='ocrx_word' id='word_1_216' title='bbox 882 2733 1018 2795; x_wconf 90' lang='lat' dir='ltr'>duxisset</span> <span class='ocrx_word' id='word_1_217' title='bbox 1060 2752 1126 2795; x_wconf 87' lang='lat' dir='ltr'>earn</span> 
     </span>
    </p>

    <p class='ocr_par' dir='ltr' id='par_1_7' title="bbox 77 2819 1159 2989">
     <span class='ocr_line' id='line_1_30' title="bbox 77 2819 1125 2901; baseline 0.007 -23"><span class='ocrx_word' id='word_1_218' title='bbox 77 2832 246 2900; x_wconf 82' lang='lat' dir='ltr'>auxorem,</span> <span class='ocrx_word' id='word_1_219' title='bbox 274 2819 415 2900; x_wconf 90' lang='lat' dir='ltr'>Pompeio</span> <span class='ocrx_word' id='word_1_220' title='bbox 444 2821 621 2901; x_wconf 87' lang='lat' dir='ltr'>Siciliaeque</span> <span class='ocrx_word' id='word_1_221' title='bbox 649 2820 759 2882; x_wconf 91' lang='lat' dir='ltr'>bellum</span> <span class='ocrx_word' id='word_1_222' title='bbox 786 2822 895 2882; x_wconf 90' lang='lat' dir='ltr'>intulit.</span> <span class='ocrx_word' id='word_1_223' title='bbox 945 2822 998 2882; x_wconf 88' lang='lat' dir='ltr'>sed</span> <span class='ocrx_word' id='word_1_224' title='bbox 1026 2824 1125 2885; x_wconf 87' lang='lat' dir='ltr'>virum</span> 
     </span>
     <span class='ocr_line' id='line_1_31' title="bbox 107 2908 1159 2989; baseline 0.005 -22"><span class='ocrx_word' id='word_1_225' title='bbox 107 2908 236 2968; x_wconf 88' lang='lat' dir='ltr'>humana</span> <span class='ocrx_word' id='word_1_226' title='bbox 263 2927 318 2987; x_wconf 93' lang='lat' dir='ltr'>ope</span> <span class='ocrx_word' id='word_1_227' title='bbox 349 2910 492 2970; x_wconf 79' lang='lat' dir='ltr'>invictum</span> <span class='ocrx_word' id='word_1_228' title='bbox 519 2913 648 2989; x_wconf 83' lang='lat' dir='ltr'>graviter</span> <span class='ocrx_word' id='word_1_229' title='bbox 675 2928 711 2970; x_wconf 92' lang='lat' dir='ltr'>eo</span> <span class='ocrx_word' id='word_1_230' title='bbox 739 2917 873 2989; x_wconf 89' lang='lat' dir='ltr'>ternpore</span> <span class='ocrx_word' id='word_1_231' title='bbox 901 2910 1022 2970; x_wconf 81' lang='lat' dir='ltr'>fortuna</span> <span class='ocrx_word' id='word_1_232' title='bbox 1053 2922 1159 2972; x_wconf 67' lang='lat' dir='ltr'>corr-³³</span> 
     </span>
    </p>
   </div>
   <div class='ocr_carea' id='block_1_3' title="bbox 105 3096 1128 3504">
    <p class='ocr_par' dir='ltr' id='par_1_8' title="bbox 105 3096 1128 3504">
     <span class='ocr_line' id='line_1_32' title="bbox 180 3096 1128 3153; baseline 0.002 -3"><span class='ocrx_word' id='word_1_233' title='bbox 180 3103 196 3150; x_wconf 76' lang='lat'><strong>2</strong></span> <span class='ocrx_word' id='word_1_234' title='bbox 215 3097 337 3152; x_wconf 81' lang='lat' dir='ltr'>redierat</span> <span class='ocrx_word' id='word_1_235' title='bbox 354 3114 405 3152; x_wconf 86' lang='lat' dir='ltr'>om.</span> <span class='ocrx_word' id='word_1_236' title='bbox 424 3098 452 3151; x_wconf 98' lang='lat' dir='ltr'><strong><em>A</em></strong></span> <span class='ocrx_word' id='word_1_237' title='bbox 507 3096 713 3151; x_wconf 82' lang='lat' dir='ltr'>4.molimentis</span> <span class='ocrx_word' id='word_1_238' title='bbox 732 3097 883 3152; x_wconf 77' lang='lat' dir='ltr'>Ruhnken:</span> <span class='ocrx_word' id='word_1_239' title='bbox 900 3098 1053 3153; x_wconf 81' lang='lat' dir='ltr'>momentis</span> <span class='ocrx_word' id='word_1_240' title='bbox 1066 3098 1128 3153; x_wconf 83' lang='grc' dir='ltr'>ΑΡ</span> 
     </span>
     <span class='ocr_line' id='line_1_33' title="bbox 162 3168 1107 3238; baseline 0.003 -17"><span class='ocrx_word' id='word_1_241' title='bbox 162 3173 177 3221; x_wconf 80' lang='lat'>5</span> <span class='ocrx_word' id='word_1_242' title='bbox 196 3168 418 3238; x_wconf 85' lang='lat' dir='ltr'>productoAP,</span> <span class='ocrx_word' id='word_1_243' title='bbox 436 3185 484 3222; x_wconf 85' lang='lat' dir='ltr'>em.</span> <span class='ocrx_word' id='word_1_244' title='bbox 503 3168 673 3221; x_wconf 79' lang='lat' dir='ltr'>Arntaeuiue</span> <span class='ocrx_word' id='word_1_245' title='bbox 741 3175 758 3223; x_wconf 83' lang='grc'>6</span> <span class='ocrx_word' id='word_1_246' title='bbox 776 3169 861 3223; x_wconf 83' lang='lat' dir='ltr'>Venti</span> <span class='ocrx_word' id='word_1_247' title='bbox 879 3168 976 3223; x_wconf 82' lang='lat' dir='ltr'>diuina</span> <span class='ocrx_word' id='word_1_248' title='bbox 994 3185 1061 3224; x_wconf 85' lang='lat' dir='ltr'>cum</span> <span class='ocrx_word' id='word_1_249' title='bbox 1078 3171 1107 3224; x_wconf 90' lang='lat' dir='ltr'><strong><em>A</em></strong></span> 
     </span>
     <span class='ocr_line' id='line_1_34' title="bbox 110 3237 1125 3311; baseline 0.003 -20"><span class='ocrx_word' id='word_1_250' title='bbox 110 3245 143 3291; x_wconf 86' lang='grc'>14</span> <span class='ocrx_word' id='word_1_251' title='bbox 161 3240 298 3309; x_wconf 82' lang='lat' dir='ltr'>primipili</span> <span class='ocrx_word' id='word_1_252' title='bbox 315 3240 374 3292; x_wconf 92' lang='lat' dir='ltr'>AP</span> <span class='ocrx_word' id='word_1_253' title='bbox 388 3242 392 3307; x_wconf 91' lang='grc' dir='ltr'>Ι</span> <span class='ocrx_word' id='word_1_254' title='bbox 408 3238 557 3292; x_wconf 85' lang='lat' dir='ltr'>Vibillium</span> <span class='ocrx_word' id='word_1_255' title='bbox 576 3237 653 3291; x_wconf 84' lang='lat' dir='ltr'>MA:</span> <span class='ocrx_word' id='word_1_256' title='bbox 677 3239 820 3292; x_wconf 86' lang='lat' dir='ltr'>Iubillium</span> <span class='ocrx_word' id='word_1_257' title='bbox 839 3239 868 3292; x_wconf 91' lang='lat' dir='ltr'><strong><em>P</em></strong></span> <span class='ocrx_word' id='word_1_258' title='bbox 924 3260 929 3271; x_wconf 86' lang='lat'><strong>·</strong></span> <span class='ocrx_word' id='word_1_259' title='bbox 975 3245 1008 3293; x_wconf 85' lang='lat' dir='ltr'>to</span> <span class='ocrx_word' id='word_1_260' title='bbox 1028 3242 1125 3311; x_wconf 83' lang='lat' dir='ltr'>opbur-</span> 
     </span>
     <span class='ocr_line' id='line_1_35' title="bbox 105 3309 1127 3381; baseline 0.004 -20"><span class='ocrx_word' id='word_1_261' title='bbox 105 3325 172 3376; x_wconf 85' lang='lat' dir='ltr'>pem</span> <span class='ocrx_word' id='word_1_262' title='bbox 189 3309 327 3376; x_wconf 78' lang='lat' dir='ltr'>Atinate</span> <span class='ocrx_word' id='word_1_263' title='bbox 345 3309 642 3377; x_wconf 78' lang='lat' dir='ltr'>edprinccpaprima</span> <span class='ocrx_word' id='word_1_264' title='bbox 728 3316 760 3365; x_wconf 79' lang='lat'>18</span> <span class='ocrx_word' id='word_1_265' title='bbox 779 3309 869 3364; x_wconf 82' lang='lat' dir='ltr'>milite</span> <span class='ocrx_word' id='word_1_266' title='bbox 887 3326 922 3365; x_wconf 81' lang='lat' dir='ltr'>ao</span> <span class='ocrx_word' id='word_1_267' title='bbox 939 3309 1048 3381; x_wconf 77' lang='lat' dir='ltr'>remige</span> <span class='ocrx_word' id='word_1_268' title='bbox 1067 3311 1127 3365; x_wconf 84' lang='lat' dir='ltr'>AP</span> 
     </span>
     <span class='ocr_line' id='line_1_36' title="bbox 161 3378 1049 3452; baseline 0.002 -19"><span class='ocrx_word' id='word_1_269' title='bbox 161 3386 195 3433; x_wconf 81' lang='lat'>20</span> <span class='ocrx_word' id='word_1_270' title='bbox 213 3379 312 3433; x_wconf 83' lang='lat' dir='ltr'>uirtuti</span> <span class='ocrx_word' id='word_1_271' title='bbox 330 3379 367 3444; x_wconf 90' lang='lat' dir='ltr'>A,</span> <span class='ocrx_word' id='word_1_272' title='bbox 385 3379 429 3432; x_wconf 86' lang='lat' dir='ltr'>rir</span> <span class='ocrx_word' id='word_1_273' title='bbox 446 3378 558 3432; x_wconf 81' lang='lat' dir='ltr'>virtutis</span> <span class='ocrx_word' id='word_1_274' title='bbox 576 3378 712 3435; x_wconf 71' lang='lat' dir='ltr'>Ruhnken</span> <span class='ocrx_word' id='word_1_275' title='bbox 815 3386 849 3436; x_wconf 80' lang='lat'>23</span> <span class='ocrx_word' id='word_1_276' title='bbox 869 3380 1002 3452; x_wconf 80' lang='lat' dir='ltr'>coniuges</span> <span class='ocrx_word' id='word_1_277' title='bbox 1020 3382 1049 3435; x_wconf 89' lang='lat' dir='ltr'><strong><em>A</em></strong></span> 
     </span>
     <span class='ocr_line' id='line_1_37' title="bbox 106 3449 619 3504; baseline 0.006 -3"><span class='ocrx_word' id='word_1_278' title='bbox 106 3455 141 3503; x_wconf 78' lang='lat'>27</span> <span class='ocrx_word' id='word_1_279' title='bbox 161 3450 242 3503; x_wconf 86' lang='lat' dir='ltr'>Liuia</span> <span class='ocrx_word' id='word_1_280' title='bbox 259 3450 288 3502; x_wconf 86' lang='lat' dir='ltr'><strong><em>A</em></strong></span> <span class='ocrx_word' id='word_1_281' title='bbox 360 3455 394 3504; x_wconf 77' lang='lat'>28</span> <span class='ocrx_word' id='word_1_282' title='bbox 412 3449 573 3504; x_wconf 84' lang='lat' dir='ltr'>hominibus</span> <span class='ocrx_word' id='word_1_283' title='bbox 590 3451 619 3503; x_wconf 90' lang='lat' dir='ltr'><strong><em>A</em></strong></span> 
     </span>
    </p>
   </div>
   <div class='ocr_carea' id='block_1_4' title="bbox 0 0 1216 3848">
    <p class='ocr_par' dir='ltr' id='par_1_9' title="bbox 0 0 1216 3848">
     <span class='ocr_line' id='line_1_38' title="bbox 0 0 1216 3848; baseline 0 1"><span class='ocrx_word' id='word_1_284' title='bbox 0 0 1216 3848; x_wconf 95' lang='lat' dir='ltr'> </span> 
     </span>
    </p>
   </div>
  </div>
 </body>
</html>
