2422 3848
507 205 530 242 c.
551 195 709 244 lan-124.
1053 188 1116 253 125

97 370 190 433 quam
208 354 268 413 iam
285 352 323 413 de
341 354 415 434 fine,
437 355 463 413 si
481 353 540 414 fata
557 363 729 437 poscerent,
753 373 908 435 recusans,
928 355 1116 417 subrefoctus

97 444 198 523 primo
221 448 385 520 conspectu
408 440 594 520 alloquioque
623 445 768 504 carissimi
796 443 852 503 sibi
875 446 1013 526 spiritus}
1039 464 1116 525 mox,

99 548 171 591 cum
193 547 313 591 omnem
336 547 438 591 curam
460 530 519 591 fata
541 534 707 612 vincerent,
730 533 760 591 in
784 550 838 592 sua
860 531 1010 592 resolutus
1033 535 1116 593 initia

98 616 243 697 Pompeio
257 616 440 697 Apuleioque
464 619 637 680 consulibus
660 622 877 699 septuagesimo
896 628 926 681 et
940 628 1024 681 sexto
1039 639 1115 681 anno

73 708 229 768 sanimam
252 706 410 767 caelestem
433 706 514 768 caelo
538 708 675 768 reddidit.

193 791 266 857 124.
312 794 388 865 Quid
419 803 492 855 tnnc
524 796 660 857 homines
689 799 857 878 timuerint,
889 815 964 876 quae
994 805 1145 857 senatusl

100 883 274 965 trepidatio,
305 901 380 962 quae
412 883 514 963 populi
546 885 694 966 confusio,
726 888 793 964 quis
824 885 908 945 urbis
940 893 1051 967 metus,
1085 888 1116 945 in

100 989 191 1051 quam
212 979 278 1032 arto
302 971 405 1032 salutis
428 974 569 1051 exitiique
592 974 738 1033 fuerimus
757 975 900 1055 confmio,
923 993 1019 1053 nequo
1045 976 1117 1035 mihi

100 1067 162 1121 tam
184 1060 338 1121 festinanti
359 1062 526 1138 exprimere
545 1068 629 1121 vacat
651 1079 748 1138 neque
773 1064 821 1122 cui
840 1070 922 1121 vacat
944 1070 1051 1140 potest.
1086 1062 1115 1123 id

63 1162 89 1205 1o
101 1148 199 1211 solum
222 1166 294 1209 voce
312 1146 431 1227 publica
449 1149 558 1209 dixisse
577 1153 652 1210 satis
665 1148 773 1210 habeo:
797 1152 882 1210 cuins
899 1149 981 1209 orbis
999 1152 1117 1210 ruinam

100 1239 310 1317 timueramus,
333 1255 403 1297 erim
425 1255 463 1297 ne
488 1246 668 1298 commotum
692 1239 812 1317 quidem
835 1240 997 1320 sensimus,
1024 1245 1116 1298 tanta-

101 1343 161 1405 que
184 1326 274 1386 unius
296 1327 353 1385 viri
371 1326 509 1386 maiestas
528 1328 598 1408 fuit,
621 1335 654 1387 ut
677 1345 732 1387 nec
751 1327 837 1387 bonis
852 1325 902 1367 ³¹²*
925 1345 1023 1406 neque
1047 1345 1115 1387 con-

101 1422 149 1475 tra
176 1413 269 1475 malos
296 1432 371 1492 opus
399 1416 489 1474 armis
516 1416 602 1475 foret.
652 1433 711 1475 una
743 1425 842 1476 tamen
872 1416 964 1477 veluti
996 1416 1147 1477 luctatioa

101 1504 230 1563 civitatis
260 1502 330 1583 fuit,
361 1505 521 1581 pugnantis
549 1521 618 1564 cum
645 1503 770 1564 Caesare
802 1513 923 1565 senatus
954 1504 1116 1584 populique

64 1588 241 1671 onomast,
268 1599 302 1651 ut
325 1592 445 1651 stationi
467 1599 607 1670 paternae
631 1593 819 1673 succederet,
841 1593 934 1672 illius,
960 1601 995 1652 ut
1017 1594 1117 1670 potius

102 1678 257 1759 aequalem
278 1680 373 1739 civem
397 1697 485 1757 quam
508 1682 688 1740 eminentem
709 1680 813 1740 liceret
831 1698 918 1759 agere
942 1681 1116 1758 principem.

101 1766 223 1829 tandem
245 1769 338 1846 magis
360 1770 475 1827 ratione
499 1787 587 1846 quam
608 1768 721 1828 honoro
745 1771 841 1829 victus
864 1776 922 1848 est,
945 1786 1014 1827 cum
1033 1767 1116 1845 quid·

50 1928 54 1943 ,
102 1856 177 1935 quid
198 1855 344 1917 tuendum
366 1873 426 1916 non
445 1859 639 1937 suscepisset,
661 1860 829 1936 periturum
851 1856 979 1936 videret,
1002 1855 1116 1934 solique

102 1944 174 2005 huic
201 1945 324 2024 contigit
350 1962 444 2023 paene
472 1945 584 2005 diutius
612 1964 751 2006 recusare
778 1947 991 2025 principatum,
1019 1962 1118 2025 qnam,

63 2041 138 2093 tout
160 2040 342 2111 occuparent
369 2051 452 2114 eum,
480 2032 528 2093 alii
551 2035 641 2094 armis
668 2043 879 2113 pugnaverant.
924 2042 992 2113 post
1020 2033 1147 2094 reddi-3

102 2130 168 2183 tum
182 2120 263 2181 caelo
282 2128 398 2200 patrem
417 2129 447 2181 et
463 2140 572 2200 corpus
587 2124 651 2182 eius
665 2121 802 2183 humanis
816 2121 989 2202 honoribus,
1006 2140 1118 2182 numen

102 2208 211 2271 divinis
233 2208 423 2290 honoratum,
446 2211 576 2288 primum
599 2210 806 2289 principalium
829 2214 894 2271 eius
912 2228 1038 2289 operum
1061 2212 1118 2270 fnit

50 2297 250 2371 rennuatis
287 2299 488 2379 comitiorum,
526 2316 614 2375 quam
649 2316 739 2358 manu
776 2317 829 2359 sua
861 2300 1001 2377 scriptam
1033 2297 1118 2358 divus

102 2384 256 2465 Augustus
287 2384 458 2464 reliquerat.
504 2404 562 2464 quo
596 2394 729 2465 tempore
762 2386 833 2446 mihi
865 2388 1010 2464 fratrique
1042 2398 1149 2466 meo,4

63 2474 268 2535 iocandidAtis
292 2472 439 2555 Caesaris,
462 2476 596 2553 proxime
620 2493 637 2535 a
660 2473 849 2535 nobilissimis
873 2492 906 2534 ac
930 2474 1118 2534 sacerdotali·

102 2560 162 2623 bus
184 2563 256 2622 riris
277 2562 419 2622 destinari
436 2562 626 2642 praetoribus
644 2565 781 2647 contigit,
805 2564 987 2644 consecutis,
1011 2571 1044 2623 ut
1067 2581 1118 2623 ne-

103 2669 164 2729 que
186 2657 255 2729 post
276 2669 332 2710 nos
355 2669 532 2729 quemquam
556 2652 641 2712 divus
663 2651 814 2730 Augustus
842 2670 939 2731 neque
967 2658 1035 2712 anto
1063 2670 1118 2711 nos

103 2736 213 2799 Caesar
236 2738 457 2799 commendaret
480 2738 626 2800 Tiberius.

176 2960 378 3086 ssfflfflewq'
397 2961 531 3032 Kreyssip
547 2964 551 3029 Ι
568 2963 597 3016 et
614 2962 654 3017 A:
673 2979 723 3017 ont.
745 2963 773 3015 P
829 2963 944 3017 doaelo
965 2962 1004 3015 P.
1023 2961 1075 3015 deo
1090 2962 1118 3014 A

305 3033 334 3085 A
352 3038 378 3086 et
394 3033 554 3087 Acidalius·
574 3033 648 3087 orbis
669 3033 697 3086 P
751 3040 784 3088 10
803 3034 871 3087 satis
889 3033 953 3087 add.
972 3032 1082 3087 Rudent.

107 3108 140 3157 12
158 3118 211 3157 nec
231 3103 270 3157 P:
288 3103 365 3157 neA
381 3106 385 3172 l
401 3103 494 3157 bonis.
512 3105 576 3170 fort.
597 3103 676 3158 bonis
694 3105 780 3169 rotis,
799 3106 820 3157 i.
837 3121 858 3158 e.
877 3108 909 3157 ut
926 3103 1054 3156 corboni
1071 3103 1118 3156 fro

105 3174 418 3242 dampnosissima
435 3179 560 3242 optarent
578 3179 625 3229 etc.
689 3181 721 3229 13
740 3175 834 3228 forent
851 3175 878 3228 A
894 3176 898 3242 1
914 3173 1032 3227 luctatio
1051 3172 1118 3227 civi·

104 3242 142 3297 lis
155 3243 266 3300 Roftnfc.
322 3251 354 3299 17
373 3262 410 3298 m
430 3244 539 3299 ratione
554 3244 630 3299 MA:
649 3245 758 3299 ratione
775 3263 812 3298 m.
829 3245 857 3297 P
909 3243 1119 3319 201editumA

177 3320 211 3368 21
230 3330 335 3369 numen
347 3316 470 3369 Kranae:
488 3316 659 3370 nomenAP
710 3320 744 3369 25
764 3314 994 3370 candidatosAP
1009 3317 1013 3384 Ι
1029 3330 1118 3369 sacer

106 3383 220 3439 dotibus
238 3386 302 3451 AP,
325 3402 374 3441 em
397 3386 515 3454 Scheffer
604 3392 638 3441 26
662 3387 874 3454 consecutisque
897 3387 937 3453 A,
961 3402 984 3440 c
1008 3402 1119 3455 quoque

109 3454 195 3510 Orelli
265 3461 298 3509 27
318 3473 369 3511 nos
390 3457 427 3511 Ρ·
447 3473 535 3511 annos
553 3457 584 3510 A·
