2422 3848
481 157 504 194 c.
523 145 648 193 tta-ta.
1029 137 1073 202 65

56 308 151 386 ipsius
179 305 321 366 adventus
353 305 454 384 vigore
486 324 521 365 ac
552 304 666 384 fulgore
699 312 861 384 occtrpatus
893 323 924 365 se
954 305 1072 366 Caesari

56 395 190 475 tradidit3
220 402 348 473 uterque
375 394 540 472 legatorum
568 403 599 454 et
626 396 761 472 quisquis
790 395 935 472 cuiusque
958 393 1072 453 ordinis

58 486 143 562 sequi
166 501 218 543 eos
241 482 387 563 voluerat,
410 485 528 543 remissi
552 482 588 542 ad
611 483 795 562 Pompeium.

146 569 199 633 51.
243 572 382 631 Proximo
415 589 491 632 anno
525 590 594 632 cum
623 570 818 650 Dyrrachium
850 588 884 631 ao
916 572 1012 630 vicina
1044 573 1102 632 eit

31 660 126 720 aurlu
144 663 227 739 regio
247 662 352 720 castris
366 660 488 740 Pompei
507 660 707 741 obtineretur,
730 661 782 738 qui
800 661 902 720 accitis
921 677 957 719 ex
979 661 1072 719 omni·

57 749 114 810 bus
133 751 339 810 transmarinis
358 750 518 826 provinciis
536 748 715 829 legionibus,
739 750 874 827 equitum
891 766 924 808 ac
938 746 1073 826 peditum

58 838 187 918 auxiliis,
215 854 379 916 regumque
408 844 438 896 et
463 836 683 897 tetrarcharum
706 836 853 915 simulque
881 836 1074 916 dynastarum

58 929 152 1005 copiis
179 928 328 985 inmanem
358 927 522 984 exercitum
550 925 719 984 coniecerat
742 933 777 985 -et
806 943 887 984 mare
917 924 1073 1003 praesidiis

59 1014 211 1095 classium,
229 1020 264 1073 ut
281 1012 413 1093 rebatur,
431 1020 595 1093 saepserat,
619 1030 678 1090 quo
697 1014 796 1072 minus
816 1012 923 1073 Caesar
940 1013 1073 1092 legiones

19 1116 45 1155 10
59 1110 161 1182 posset
182 1104 399 1183 transmittere,
422 1119 476 1162 sua
499 1108 529 1161 et
552 1101 704 1162 celeritate
727 1110 758 1161 et
776 1102 894 1163 fortuna
918 1100 948 1161 C.
965 1100 1103 1162 Caesare

57 1210 131 1252 usus
155 1190 228 1251 nibil
251 1193 282 1250 in
306 1208 389 1250 mora
411 1189 527 1271 habuit,
556 1207 615 1268 quo
638 1191 738 1250 minus
761 1209 796 1250 eo
817 1207 876 1268 quo
898 1189 986 1250 vellet
1008 1192 1073 1268 ipse

58 1282 266 1358 exercitusque
291 1278 436 1339 classibus
458 1280 641 1359 perveniret,
668 1286 698 1339 et
725 1281 822 1358 primo
849 1296 943 1357 paene
967 1280 1073 1338 castris

57 1369 180 1448 Pompei
203 1384 257 1428 sua
274 1369 425 1449 iungeret,
448 1385 516 1428 mox
541 1368 628 1427 etiam
647 1366 801 1428 obsidione
821 1368 1072 1445 munimentisque

59 1475 128 1518 eum
155 1455 412 1535 complecteretur.
459 1455 511 1516 sed
541 1456 641 1535 iuopia
668 1454 874 1516 obsidentibus
902 1472 991 1534 quam
1021 1453 1072 1514 ob-

17 1558 44 1598 15
58 1547 148 1606 sessis
172 1553 236 1605 erat
254 1547 379 1624 gravior.
411 1551 475 1605 tum
489 1543 598 1604 Balbus
614 1542 769 1605 Cornelius
789 1543 950 1604 excedente
969 1543 1071 1603 buma-
1087 1557 1103 1604 3

57 1652 126 1694 nam
148 1634 237 1694 fidem
259 1636 427 1694 temeritate
451 1635 605 1711 ingressus
629 1640 725 1694 castra
745 1632 877 1693 hostium
894 1633 1072 1710 saepiusque

58 1741 128 1782 cum
144 1720 271 1783 Lentulo
295 1721 471 1782 conlocutus
490 1719 625 1802 consule,
648 1721 801 1782 dubitante
825 1722 929 1799 quanti
952 1737 984 1779 se
1003 1738 1072 1779 ven-

58 1811 155 1890 deret,
178 1810 236 1870 illis
259 1812 452 1870 incrementis
471 1810 543 1870 lecit
560 1810 650 1891 siam,
674 1809 783 1888 quibus
806 1827 866 1868 nou
886 1812 917 1868 tn
931 1807 1074 1886 Hispania

59 1918 95 1958 ex
127 1901 190 1959 cive
223 1906 322 1979 natus,
355 1897 407 1958 sed
439 1898 602 1978 hispanus,
633 1901 664 1958 in
696 1896 882 1978 triumphum
914 1905 945 1958 et
976 1899 1072 1976 ponti-

16 2000 43 2041 so
58 1989 177 2047 iicatum
201 1987 376 2064 adsurgeret
397 1987 542 2064 fieretque
565 2003 602 2046 ex
625 1989 739 2066 privato
766 1985 939 2047 consularis.
979 1987 1072 2044 varia-

57 2085 122 2136 tum
154 2074 260 2135 deinde
291 2073 425 2155 proeliiS,
464 2073 516 2134 sed
549 2093 608 2135 uno
641 2074 727 2154 louge
760 2077 853 2153 magis
884 2074 1072 2153 Pompeianis

57 2181 215 2244 prospero,
239 2182 298 2241 quo
321 2165 451 2241 graviter
473 2162 593 2242 impulsi
616 2171 687 2223 sunt
710 2162 844 2224 Caesaris
866 2161 983 2222 milites.

147 2249 198 2313 52.
231 2250 307 2312 Tum
325 2251 433 2312 Caesar
456 2269 524 2311 curn
547 2255 681 2313 exercitu
705 2252 823 2312 fatalem
840 2251 980 2310 victoriae
1000 2265 1102 2313 suaet

58 2340 238 2401 Thessaliam
261 2343 356 2419 petiit.
388 2339 561 2420 Pompeius,
585 2340 671 2419 longe
696 2341 812 2400 diversa
835 2338 899 2398 aliis
923 2337 1103 2414 suadenti-2

18 2439 45 2480 ⁹⁵
58 2428 128 2510 bus,
156 2447 285 2507 quorum
298 2428 447 2508 plerique
474 2427 684 2511 hortabantur,
716 2437 750 2490 ut
779 2431 811 2488 in
838 2426 950 2487 ltaliam
977 2433 1073 2486 traus-

131 2642 144 2688 1
165 2636 289 2690 aduentu
302 2636 361 2688 AP
413 2641 429 2688 3
448 2634 558 2689 remisit
574 2635 634 2689 ΑΡ
683 2634 813 2689 saisina
832 2634 871 2688 P:
890 2633 996 2688 uicinia
1008 2633 1076 2686 AM

131 2712 147 2760 5
165 2705 282 2775 Pompei
300 2705 341 2760 A:
359 2705 493 2775 Pompeio
513 2706 590 2774 MP,
608 2707 655 2761 sed
673 2723 689 2761 o
708 2708 739 2761 in
755 2707 793 2759 M
799 2709 896 2774 punct.
914 2706 917 2773 Ι
935 2703 1074 2758 obtinere-

59 2779 105 2830 bur
123 2776 269 2832 Heinsius:
289 2776 426 2831 retinetur
444 2777 550 2843 MAP,
570 2779 715 2831 teneretur
732 2794 757 2832 a.
778 2779 782 2845 l
806 2793 840 2831 ex
858 2776 885 2829 A
904 2791 973 2829 corr.
993 2791 1027 2829 eae
1046 2775 1075 2827 et

132 2854 147 2902 'l
167 2849 196 2902 ei
214 2849 278 2903 aad.
294 2847 422 2903 Gelenius
438 2849 442 2915 Ι
457 2848 649 2902 betcrcbarum
667 2848 735 2901 AM
749 2849 752 2916 Ι
769 2847 879 2915 simuiq.
895 2846 972 2899 MP:
991 2844 1075 2899 simul

60 2919 102 2984 A,
119 2920 196 2974 haud
213 2920 269 2974 ecio
288 2936 327 2972 on
343 2923 412 2972 reete
435 2920 469 2985 cf.
489 2924 537 2986 to,
558 2925 571 2972 1
656 2926 671 2974 8
689 2917 824 2988 praesidii
842 2917 885 2971 dis
903 2918 930 2970 A
1009 2922 1024 2970 9
1043 2917 1076 2968 ut

60 2991 174 3044 rebatur
191 2990 219 3042 A
233 3005 255 3044 e.
269 2990 287 3044 l.
301 2994 327 3043 ct
343 2988 431 3043 Rhea.
450 2990 482 3042 iu
499 3005 585 3058 marg.
604 2989 748 3044 nitebatur
761 2989 814 3042 Al
830 3007 864 3042 m.
881 2988 910 3041 P
967 2991 998 3040 11
1020 3003 1074 3053 quo

60 3061 149 3114 vellet
167 3062 294 3129 (cinaeo)
312 3059 479 3114 Salmasius:
498 3061 528 3114 ei
546 3076 610 3115 cum
623 3060 711 3114 vellet
723 3060 793 3126 AP,
812 3061 924 3113 etcum
941 3057 1028 3112 vellet
1046 3059 1076 3110 et

62 3148 117 3200 qno
135 3132 224 3185 vellet
240 3131 351 3184 Bubul.
442 3135 476 3185 14
495 3130 615 3185 obsessis
635 3132 696 3184 eret
715 3131 753 3184 P:
773 3129 931 3184 obsesserat
948 3129 975 3181 A

63 3209 95 3257 1⁷
116 3201 229 3256 consule
245 3201 286 3255 A:
306 3200 381 3256 COS.
397 3200 426 3253 P
478 3207 512 3255 18
530 3201 560 3255 in
573 3202 607 3255 H.
623 3218 657 3255 ex
675 3202 736 3256 eive
752 3202 955 3270 Morqeusteru:
974 3198 1075 3267 Hispe-

60 3274 126 3328 nise
144 3271 228 3325 Asiae
241 3273 307 3339 AP,
325 3271 504 3341 Hispaniensi
523 3272 584 3327 cive
597 3273 735 3340 Beneuen,
753 3270 947 3342 Hispaniensis
960 3270 1076 3339 Lepsios

135 3349 168 3397 19
186 3342 361 3412 triumphum
378 3342 628 3413 pontificatumque
647 3345 687 3399 cd.
708 3343 789 3398 Orell.
808 3358 898 3398 more
987 3347 1022 3394 ’λθ
1041 3357 1082 3392 ει

61 3413 210 3485 peregrino
228 3415 357 3468 Burman
429 3420 463 3467 22
482 3431 537 3482 quo
556 3415 653 3471 deiecit
673 3414 825 3472 Frocblieh

116 3505 215 3544 Velleius
228 3505 261 3548 od.
275 3505 351 3547 Helm.
876 3523 898 3569 p,
