2422 3848
139 184 181 246 48
677 181 704 235 Π

139 352 229 410 maris
251 349 398 428 praesidio
422 351 553 429 navium,
581 346 664 407 brevi
686 344 918 425 inexsuperabili
947 364 1037 407 manu
1061 354 1161 409 terra·

139 457 206 499 rum
229 438 332 497 orbem
355 437 490 498 liberavit
511 436 736 516 praedonesque
765 453 851 514 saepe
879 435 982 496 multis
1003 437 1064 497 iam
1093 434 1162 497 aliis

139 527 212 587 locis
235 528 328 587 victos
352 528 431 586 circa
445 524 576 586 Ciliciam
595 524 689 584 classe
709 523 867 603 adgressus
881 523 958 585 fudit
975 542 1010 584 ac
1029 524 1163 605 iugarit3

109 624 170 690 5et
192 626 251 693 quo
274 617 420 676 maturius
439 613 551 675 bellum
572 621 633 674 tam
653 612 710 672 late
729 612 871 672 diffusum
889 613 1064 693 conticeret,
1089 612 1162 675 reli·

139 707 224 783 quias
253 722 358 764 eorum
386 709 552 763 contractas
578 705 609 762 in
638 701 763 763 urbibus
786 708 961 780 remotoque
984 703 1061 762 mari
1091 700 1183 763 locor

109 795 170 868 gin
195 799 276 852 certa
300 791 370 851 sede
393 793 556 851 constituit.
584 799 654 851 sunt
677 792 729 868 qui
751 790 808 849 hoc
827 797 962 870 carpant,
985 789 1037 850 sed
1052 806 1160 869 quarn

140 899 228 959 quam
252 882 282 940 in
306 887 429 941 auctore
451 881 523 941 satis
545 881 669 940 rationis
692 887 751 960 est,
774 886 873 939 tanmn
896 881 972 938 ratio
991 878 1162 958 quemlibet

141 987 281 1047 magnum
303 977 455 1030 auctorem
477 969 602 1048 faceret;
625 969 693 1029 data
715 968 794 1027 enim
818 967 956 1028 facultate
981 968 1044 1027 sine
1070 975 1161 1047 rapto

140 1057 256 1118 vivendi
279 1059 390 1137 rapinis
413 1059 517 1118 arcuit.
1063 1124 1071 1137 ,

110 1174 124 1221 1
229 1143 280 1207 33.
327 1146 402 1207 Cum
430 1155 509 1206 esset
531 1147 562 1205 in
590 1145 648 1205 tine
672 1144 782 1204 bellum
804 1145 962 1223 piraticum
988 1151 1019 1204 et
1041 1142 1076 1204 L.
1100 1143 1192 1207 hue

141 1235 249 1316 cullus,
286 1238 338 1313 qui
374 1242 441 1294 ante
480 1241 593 1312 septem
630 1251 723 1293 annos
760 1251 796 1293 er
835 1233 991 1294 consulatu
1029 1234 1161 1295 sortitus

141 1324 240 1383 Asiam
261 1322 424 1383 Mithridati
445 1324 599 1400 oppositus
618 1330 682 1382 erat
700 1339 880 1401 magnasque
898 1328 929 1381 et
947 1320 1162 1383 memorabiles

142 1430 190 1472 res
217 1410 260 1470 ibi
286 1417 432 1490 gesserat,
459 1409 660 1471 Mithridatem
687 1429 774 1488 saepe
803 1410 905 1472 multis
931 1409 1005 1470 locis
1028 1408 1161 1492 luderet,

143 1501 259 1577 egregia
279 1497 417 1577 Cyzicum
435 1497 575 1558 liberarat
593 1501 727 1579 victoria,
746 1499 916 1580 Tigranem,
940 1516 1045 1577 regum
1065 1501 1160 1560 maxi·

141 1606 235 1668 mum,
259 1589 289 1647 in
310 1587 449 1647 Armenia
472 1589 583 1647 vicerat
604 1587 798 1667 ultimamque
821 1587 899 1647 bello
922 1605 1044 1647 manum
1061 1602 1191 1667 paeneu

141 1679 233 1755 magis
256 1676 392 1736 noluerat
415 1677 573 1754 imponere·
587 1693 675 1754 quam
698 1695 758 1737 non
776 1683 927 1756 potuerat,
951 1677 1020 1756 quia
1043 1675 1160 1755 alioqui

140 1783 194 1844 per
226 1768 324 1826 omnia
355 1762 510 1824 laudabilis
543 1771 572 1824 et
608 1764 685 1826 bello
721 1783 814 1843 paene
852 1767 979 1825 invictus
1011 1766 1161 1843 pecuniae

140 1853 306 1932 pellebatur
343 1852 495 1931 cupidine,
532 1852 611 1913 idem
647 1851 758 1914 bellum
794 1853 890 1914 adhuc
926 1854 1161 1935 administraret,

141 1943 277 2002 Manihus
300 1940 439 2002 tribunus
462 1941 515 2021 pl,
543 1960 661 2021 semper
688 1941 799 2002 venalis
827 1951 857 2004 et
884 1942 995 2003 alienae
1019 1943 1161 2003 minister

141 2033 304 2111 potentiae,
332 2029 427 2109 legem
454 2029 535 2110 tulit,
565 2038 598 2091 ut
625 2031 737 2092 bellarm
762 2031 994 2092 Mithridaticum
1020 2047 1079 2109 per
1107 2030 1191 2093 Cn!

110 2119 315 2198 2Pompeium
347 2119 613 2180 administraretur.
659 2129 779 2200 accepta
811 2138 845 2181 ea
882 2120 1054 2197 magnisque
1095 2137 1161 2181 cer·

140 2216 235 2269 tatum
263 2210 342 2268 inter
373 2209 568 2285 imperatores
595 2211 713 2289 iurgiis,
745 2228 812 2270 cum
845 2209 1005 2287 Pompeius
1032 2206 1161 2270 Lucullo

141 2297 290 2357 infamiam
312 2299 470 2376 pecuniae,
497 2295 639 2358 Lucullus
662 2298 802 2378 Pompeio
826 2300 1046 2358 interminatam
1075 2298 1161 2376 cupi-

138 2385 258 2446 ditatem
279 2384 421 2445 obiiceret
439 2387 557 2464 imperii
575 2394 741 2465 neuterque
756 2387 792 2447 ab
809 2386 902 2447 altero
917 2384 996 2464 quod
1011 2383 1162 2463 arguebat

212 2544 226 2591 1
244 2538 450 2608 inexuperabili
470 2539 515 2608 ΡΙ
531 2540 607 2594 malo
626 2541 755 2594 Herelius
822 2547 837 2595 2
857 2538 1091 2610 *praedonesque
1109 2554 1163 2609 per

141 2609 232 2662 multa
250 2627 267 2662 a
284 2608 381 2664 multis
400 2610 470 2664 locis
488 2611 556 2679 AP,
580 2629 621 2680 pr.
640 2612 787 2679 permultis
809 2610 867 2666 ium
890 2610 954 2667 aliis
977 2608 1049 2664 locis
1068 2609 1161 2675 Hert,

140 2697 181 2748 pr.
202 2696 285 2750 saepe
304 2682 388 2734 antea
406 2681 503 2735 multis
520 2681 540 2735 l.
561 2682 726 2748 Momoieen,
745 2684 779 2750 ef.
800 2688 829 2749 2,
848 2688 896 2750 33,
917 2689 930 2737 1
996 2686 1012 2734 3
1030 2680 1119 2735 uictis
1134 2680 1164 2735 P

213 2757 229 2803 4
249 2768 303 2818 quo
324 2753 362 2805 P:
382 2753 457 2820 quod
476 2753 504 2805 A
585 2759 600 2806 ‘1
619 2755 716 2808 tamen
734 2754 774 2808 A:
792 2755 854 2806 tum
874 2754 902 2806 P
918 2758 944 2807 et
961 2768 1030 2808 corr.
1049 2751 1080 2806 A

142 2827 157 2874 9
178 2821 271 2890 arguit
285 2823 313 2875 A
367 2829 401 2877 10
419 2822 644 2878 Mithridaticum
658 2824 820 2890 Montanium
840 2829 870 2878 ot
888 2826 929 2878 eit
948 2823 1079 2878 Velleius:
1099 2840 1162 2879 cum

143 2898 208 2946 esset
230 2894 262 2946 in
278 2894 333 2960 Jioe
351 2895 448 2948 bellurn
461 2895 628 2962 pirotiemn,
650 2897 723 2964 quod
744 2897 852 2965 prebat
871 2895 1031 2962 Pompeius,
1057 2899 1084 2947 et
1102 2895 1162 2950 Lae

144 2965 231 3017 celius
251 2965 477 3019 Mithridaticum
495 2967 585 3019 adhuc
603 2967 809 3020 administraret
824 2967 828 3034 l
845 2966 884 3036 et]
905 2983 969 3020 oum
987 2965 1016 3018 et
1034 2965 1096 3018 AP

145 3041 177 3087 11
198 3051 232 3088 ex
250 3034 325 3090 GOS.
344 3036 403 3089 AP
457 3042 488 3089 12
509 3038 537 3089 et
556 3037 595 3090 A:
615 3053 648 3090 ac
669 3037 697 3090 P
753 3043 784 3091 13
804 3036 988 3090 Mithridaten
1005 3066 1040 3074 -
1059 3035 1163 3106 Tigra-

142 3121 197 3159 nen
213 3106 241 3158 P
293 3112 328 3159 14
346 3122 441 3174 regem
455 3107 539 3161 Kritz
597 3114 630 3161 16
650 3107 716 3175 quia
728 3108 829 3162 Bothe:
850 3107 897 3175 qui
910 3107 969 3161 AP
1018 3110 1051 3159 18
1070 3106 1163 3175 pelle-

141 3176 225 3230 batur
243 3178 284 3231 A:
304 3177 497 3246 expellebatur
513 3177 553 3244 P,
572 3180 752 3233 exercebatur
765 3178 876 3233 namt.
895 3177 1077 3248 poMuebatnr
1090 3177 1163 3233 Ber·

142 3264 225 3317 noya,
243 3247 440 3316 pelliciebatur
455 3249 586 3319 Madvig,
606 3265 644 3302 oo
661 3266 717 3304 non
734 3249 919 3319 explebatur?
938 3250 995 3303 nisi
1012 3248 1087 3302 idem
1104 3248 1163 3315 fere

142 3318 214 3372 illud
232 3318 390 3386 pellebatur
407 3320 545 3387 siguificat
617 3325 652 3373 24
669 3322 822 3390 neuterque
842 3321 891 3375 M:
909 3320 1083 3386 neuterque
1103 3318 1177 3373 AP-

145 3387 149 3458 1
170 3389 206 3442 ab
220 3388 309 3443 altero
323 3388 399 3456 quod
413 3391 549 3460 arguebat
561 3390 702 3446 Brumae:
722 3392 757 3446 ab
772 3408 806 3447 eo
819 3391 895 3460 quod
908 3390 1080 3463 arguebatur
1094 3390 1162 3459 AP,

142 3459 180 3510 ab
199 3475 232 3512 eo
252 3476 305 3526 quo
325 3461 494 3529 arguebatur
512 3461 641 3517 Gelenius
