2422 3848
526 146 549 186 ο,
569 134 691 183 52-54.
1073 125 1114 189 67

102 297 217 380 iubam,
250 296 457 378 suadentibus,
484 295 650 375 Aegyptum
682 303 785 375 petere
817 296 974 374 proposuit
1001 313 1115 356 memor

50 445 55 451 .
102 386 328 468 beneficiorum,
361 403 437 465 quae
464 386 496 444 in
526 391 641 463 patrem
673 385 738 444 eius
766 382 939 464 Ptolemaei,
972 386 1023 462 qui
1051 392 1115 445 tum

101 494 195 555 puero
223 493 312 554 quam
338 475 439 534 iuveni
465 475 588 553 propior
610 471 753 551 regnabat
775 471 981 554 Alexandriae,
1011 480 1114 534 contu·
1207 477 1209 481 ’

100 563 184 625 ierat.
230 563 282 624 sed
311 564 378 642 quis
405 564 437 621 in
470 561 601 622 adversis
628 559 842 622 beneficiorum
875 569 973 621 servat
1004 577 1145 625 memo-2

73 649 196 712 sciam?
232 659 284 713 aut
311 653 377 731 quis
405 649 495 711 ullam
523 649 700 710 calamitosis
728 648 831 710 deberi
858 657 942 729 putat
970 647 1116 729 gratiam?

101 750 152 803 aut
180 740 297 821 quando
326 740 444 800 fortuna
471 757 532 798 non
559 746 654 799 mutat
681 735 791 799 fidem?
836 740 919 799 missi
948 741 1048 818 itaque
1078 737 1114 799 ab

100 843 185 912 rege,
213 831 264 907 qui
291 830 460 889 venientem
488 826 539 887 Cn.
562 827 738 906 Pompeium
766 821 807 909 (is
836 830 895 887 iam
925 846 941 887 a
968 827 1115 907 Mytilenis

101 917 268 978 Corneliam
303 934 427 977 uxorem
463 924 615 995 receptam
650 919 682 976 in
713 935 819 976 navem
851 917 937 996 fugae
975 918 1115 976 comitem
1186 986 1193 993 ἡ

100 1006 210 1067 hahere
235 999 388 1086 coeperat)
412 1004 536 1065 consilio
559 1004 705 1065 Theodoti
733 1013 763 1065 et
785 1004 913 1065 Achillae
942 1006 1115 1084 exciperent

57 1115 85 1154 ιο
100 1095 366 1175 hortarenturque,
393 1101 427 1154 ut
455 1112 492 1153 ex
515 1095 650 1153 oneraria
677 1095 708 1153 in
732 1111 796 1152 eam
820 1111 936 1175 navem,
965 1111 1039 1172 quae
1063 1091 1114 1152 oh-

100 1187 176 1244 viam
199 1189 400 1262 processerat,
423 1181 661 1242 transcenderet:
685 1182 765 1261 quod
788 1200 857 1242 cum
876 1183 1010 1263 lecisset,
1032 1183 1113 1260 prin-

100 1291 171 1353 ceps
189 1272 315 1331 Romani
328 1272 457 1330 nominis
475 1271 600 1350 imperio
621 1268 805 1349 arbitrioque
822 1271 956 1350 Aegyptii
974 1272 1114 1348 mancipii

100 1360 131 1422 C.
155 1360 280 1421 Caesare
303 1358 335 1419 P.
361 1357 486 1419 Servilio
510 1357 683 1419 consulibus
705 1359 855 1438 iugulatus
879 1367 933 1420 est.
974 1360 1022 1419 hic
1045 1357 1144 1439 post3

99 1457 161 1510 tres
185 1447 357 1510 consulatus
385 1454 414 1507 et
441 1447 566 1508 totidem
593 1447 760 1526 triumphos
787 1448 991 1528 domitumque
1020 1457 1112 1509 terra-

57 1555 84 1596 15
99 1555 167 1598 rum
195 1535 299 1598 orbem
327 1537 506 1596 sanctissimi
533 1543 621 1613 atque
653 1538 901 1615 praestantissimi
932 1539 988 1596 riri
1019 1539 1051 1597 in
1083 1536 1113 1595 id

100 1628 207 1708 evecti,
230 1643 321 1703 super
345 1623 424 1702 quod
443 1623 564 1684 ascendi
586 1642 646 1683 non
664 1631 775 1704 potest,
798 1624 1114 1704 duodesexagesimum

99 1732 209 1775 annum
232 1715 346 1791 agentis
368 1712 464 1792 pridie
488 1711 614 1773 natalem
632 1714 732 1791 ‚ipsius
755 1715 830 1772 vitae
859 1712 915 1773 luit
943 1715 1052 1793 eritne,
1082 1715 1113 1772 in

98 1810 214 1864 tantum
236 1804 267 1861 in
291 1800 341 1861 illo
363 1803 427 1861 viro
451 1819 468 1860 a
491 1819 523 1861 se
543 1800 731 1861 discordante
750 1801 882 1882 fortuna,
906 1808 939 1861 ut
958 1803 1007 1862 cui
1025 1801 1113 1860 modo

98 1891 135 1951 ad
157 1892 310 1952 victoriam
334 1897 414 1949 terra
437 1889 586 1970 defuerat,
608 1888 727 1949 deesset
749 1889 785 1949 ad
809 1889 1001 1968 sepulturam.
1041 1889 1144 1968 quid4

54 2000 82 2040 ro
98 1979 176 2039 aliud
200 1995 289 2056 quam
311 1979 436 2037 nimium
459 1986 619 2055 occupatos
642 1977 781 2059 dixerim,
812 1997 887 2057 quos
910 1981 941 2038 in
965 1986 1059 2039 aetate
1084 1986 1113 2038 et

97 2069 173 2128 tanti
201 2075 231 2126 et
257 2082 351 2144 paene
381 2066 477 2124 nostri
507 2065 617 2125 saeculi
643 2067 699 2125 viri
726 2066 830 2128 fefellit
854 2063 1113 2145 quinquennium?

98 2173 166 2215 cum
190 2173 206 2213 a
230 2152 261 2213 C.
280 2153 367 2212 Atilio
391 2161 422 2213 et
440 2153 474 2224 Q.
495 2151 619 2213 Servilio
639 2153 821 2215 consulibus¹
834 2162 895 2215 tam
916 2156 1009 2216 facilis
1033 2163 1112 2216 esset

97 2261 244 2305 annorum
267 2241 409 2320 digestio.¹
436 2241 515 2321 quod
539 2241 646 2323 adieci,
669 2259 729 2301 non
752 2252 786 2303 ut
804 2261 974 2324 arguerem,
998 2244 1050 2304 sed
1073 2262 1110 2304 ne

98 2349 248 2411 arguerer.

52 2439 81 2480 rs
186 2417 238 2482 54.
266 2419 332 2479 Non
350 2419 407 2479 fuit
424 2420 519 2478 maior
536 2421 568 2478 in
587 2417 756 2499 Caesarem,
780 2437 867 2498 quam
886 2422 918 2479 in
936 2419 1111 2499 Pompeium
1127 2431 1141 2478 1

95 2509 206 2590 luerat,
233 2510 313 2587 regis
336 2525 512 2588 eorumque,
544 2525 672 2587 quorum
694 2509 720 2568 is
744 2510 919 2569 auctoritate
943 2507 1111 2590 regebatur,

95 2596 177 2658 tides.
216 2598 325 2676 quippe
348 2614 417 2656 cerm
440 2598 607 2656 venientem
630 2614 699 2656 eum
722 2604 916 2675 temptassent
938 2597 1054 2658 insidiis
1077 2617 1110 2658 ac

96 2685 202 2746 deinde
231 2683 308 2744 bello
335 2683 481 2744 lacessere
510 2683 668 2766 auderent,
695 2687 816 2764 utrique
844 2704 1029 2748 summorum
1056 2689 1109 2748 im-

95 2781 281 2855 peratorum,
304 2776 396 2833 alteri
413 2779 545 2848 mortno,
569 2772 655 2833 alteri
678 2776 832 2852 superstiti
855 2778 975 2835 meritas
998 2794 1110 2854 poenas

166 2985 182 3033 2
201 2978 358 3034 Ptolomaei
372 2977 434 3031 ἈΡ
513 2985 529 3032 3
547 2978 625 3048 prior
644 2980 718 3048 (odd.
737 2995 758 3034 s.
778 2980 795 3033 l.
814 2979 887 3048 pior)
905 2980 934 3032 A
1011 2985 1027 3033 9
1047 2995 1109 3034 coe-

92 3052 176 3120 perat
188 3050 216 3103 A
235 3055 260 3104 et
274 3049 432 3103 Frotscder:
453 3051 568 3118 ceperat
579 3050 624 3117 ΡΙ
640 3049 812 3104 AchilleeP:
830 3049 926 3103 Achili
936 3051 980 3118 M,
994 3050 1068 3104 Achi
1081 3050 1109 3104 A

108 3146 109 3151 κ
167 3120 447 3175 100buiemom.A
520 3119 1036 3189 lbetqueAzocPluiriom.A

93 3197 128 3247 20
147 3193 270 3246 aetatem
288 3191 357 3257 ΑΡ,
376 3207 423 3244 em.
442 3190 529 3245 amo.
548 3192 581 3245 in
598 3208 650 3261 mg.
711 3197 744 3244 21
765 3193 795 3244 et
812 3206 862 3244 om.
881 3192 908 3244 A
963 3190 1108 3246 etfacilis

93 3261 234 3318 Gelenius:
253 3261 323 3317 felix
340 3261 437 3330 (foelix
454 3262 493 3330 A)
511 3262 570 3314 ΑΡ
644 3266 678 3315 nt
697 3260 787 3315 maior
808 3261 845 3315 P:
864 3278 921 3315 non
938 3262 1029 3316 maior
1043 3263 1107 3316 MA

166 3339 199 3389 27
217 3335 384 3388 temtaesent
401 3332 442 3400 A,
460 3334 618 3387 tentassent
637 3333 665 3385 P
746 3337 780 3386 28
800 3349 972 3387 summorum
991 3334 1108 3388 Momm·
1188 3382 1195 3393 ,

91 3421 152 3461 certe
172 3422 280 3459 summo
294 3404 353 3457 ΑΡ
423 3408 457 3456 29
476 3403 560 3458 alteri
577 3405 688 3458 mortuo
706 3404 843 3473 supplevit
861 3403 976 3476 Lipsius

856 3508 894 3564 ὃ*
