2422 3848
137 161 157 224 6
639 160 652 212 Ι

137 329 304 408 occupavit3
334 345 351 386 a
378 344 437 404 quo
460 325 583 405 Magnus
606 326 770 386 Alexander
800 343 869 386 cum
892 325 982 384 luerit
1006 325 1150 402 septimus

137 416 284 497 decimus,
315 417 380 475 iure
413 417 540 474 materni
573 417 692 493 generis
724 414 836 474 Achille
868 420 1002 493 auctore,
1034 413 1151 490 paterni

106 503 264 564 oHercule
296 504 439 582 gloriatus
471 510 526 563 est.
577 501 731 579 [Aemilius
765 502 840 564 Sura
872 503 909 562 de
937 504 1022 561 annis
1049 499 1152 578 populi

137 592 274 653 Romani:
311 592 424 673 Assyrii
450 593 601 671 principes
625 595 762 671 *omnium
785 594 918 671 gentium
940 607 1043 650 rerum
1065 590 1152 667 potiti

137 688 220 761 sunt,
257 680 363 740 deinde
395 680 487 760 Medi,
523 683 632 758 postea
661 680 783 761 Persae,
820 680 926 751 deinde
963 678 1181 756 Macedones35

137 769 243 829 exinde
268 768 384 828 duobus
406 767 527 847 regibus
549 768 685 848 Philippo
710 777 740 829 et
762 764 920 848 Antiocho,
943 769 995 845 qui
1018 784 1035 825 a
1057 764 1151 825 Mace-

137 856 265 917 donibus
289 858 407 917 oriundi
431 865 529 938 erant,
552 857 630 917 haud
654 857 746 918 multo
769 865 837 936 post
852 855 1059 934 Carthaginem
1082 853 1151 913 sub-

138 953 232 1006 actam
256 946 380 1006 devictis
403 964 516 1006 summa
538 948 658 1025 imperii
680 946 716 1006 ad
738 945 883 1025 populum
896 944 1062 1004 Romanum
1084 960 1152 1021 per·

138 1036 226 1094 venit.
263 1037 343 1095 inter
365 1034 421 1094 boo
445 1042 562 1113 tempus
586 1043 616 1095 et
638 1036 756 1095 initium
777 1036 857 1113 regis
871 1033 940 1093 Nini
953 1032 1152 1111 Assyriorum,

138 1124 189 1200 qui
204 1125 344 1201 princeps
358 1141 460 1199 rerum
474 1126 586 1201 potitus
599 1131 655 1203 est,
670 1125 820 1183 intersunt
834 1124 903 1181 anni
913 1119 1150 1195 mmcccxcv]
1168 1133 1196 1172 10

108 1222 121 1268 1
229 1209 256 1271 7.
293 1211 389 1271 Huius
413 1213 555 1289 temporis
578 1210 708 1289 aequalis
722 1211 869 1271 Hesiodus
893 1210 961 1290 suit,
985 1212 1064 1269 circa
1083 1226 1151 1268 oen-

137 1308 202 1359 tum
225 1307 255 1359 et
268 1301 372 1378 viginti
395 1317 487 1358 annos
502 1299 660 1359 distinctus
684 1299 720 1358 ab
741 1298 862 1359 Homeri
886 1307 994 1379 aetate,
1017 1300 1062 1357 vir
1084 1314 1151 1375 per·

138 1387 280 1466 elegantis
311 1389 423 1465 Ingenii
455 1395 485 1447 et
515 1387 686 1448 mollissima
714 1387 869 1448 dulcedine
898 1389 1063 1446 carminum
1090 1403 1151 1444 me-

137 1475 305 1556 morabiliS,·
325 1477 379 1535 otii
401 1478 570 1554 quietisque
593 1476 817 1557 cupidissimuS,
847 1484 880 1535 ut
907 1483 1041 1554 tempore
1069 1481 1151 1533 tanto

137 1567 215 1645 viro,
242 1567 282 1624 ita
310 1567 409 1643 operis
438 1567 612 1625 auctoritate
635 1567 801 1642 proximus,
839 1566 890 1642 qui
912 1566 1025 1643 vitavit,
1054 1580 1090 1621 ne
1119 1563 1150 1620 in
1167 1574 1194 1614 1⁵

137 1653 167 1712 id
191 1653 270 1731 quod
286 1653 435 1714 Homerus
458 1653 615 1734 incideret,
639 1656 824 1732 patriamque
848 1659 878 1711 et
900 1660 1038 1730 parentes
1062 1658 1150 1710 testa-

138 1749 186 1801 tus
215 1751 273 1823 est,
301 1742 353 1802 sed
380 1744 520 1823 patriam,
548 1743 616 1820 quia
644 1741 784 1801 multatus
813 1739 849 1800 ab
877 1758 911 1799 ea
941 1748 1018 1821 erat,
1047 1745 1150 1798 contu·

106 1830 351 1890 ameliosissime.
388 1831 459 1890 dmn
487 1833 517 1889 in
545 1832 676 1890 externis
702 1847 817 1909 moror,
845 1828 936 1888 incidi
958 1830 989 1887 in
1013 1845 1077 1887 rem
1100 1826 1151 1886 do·

138 1920 291 1978 mesticam
314 1921 491 1996 maximique
510 1920 621 1978 erroris
635 1926 665 1978 et
679 1918 805 1978 multuin
820 1918 1037 1995 discrepantem
1051 1923 1150 1975 auoto-

138 2024 206 2065 rum
230 2005 432 2084 opinionibus:
464 2025 533 2067 nam
555 2007 674 2085 qnidam
696 2007 786 2067 huius
800 2008 944 2084 temporis
957 2013 1055 2065 tractu
1069 2005 1152 2064 aiunt
1166 2015 1195 2055 ²0

140 2112 156 2152 a
189 2094 295 2154 Tuscis
327 2095 456 2174 Capuam
488 2095 649 2174 Nolamque
682 2097 830 2156 conditam
863 2102 930 2154 ante
963 2112 1055 2153 annos
1089 2092 1152 2151 lere

109 2185 327 2261 coctingentos
351 2193 380 2244 et
403 2186 531 2263 triginta.
578 2183 686 2262 quibus
710 2183 849 2262 equidem
872 2182 1067 2242 adsenserim:
1100 2180 1152 2240 sed

138 2271 175 2331 Μ.
205 2271 276 2332 Cato
308 2271 452 2351 quantum
485 2271 595 2332 differt!
633 2274 684 2350 qui
711 2271 789 2330 dicat
818 2270 947 2348 Capuam
974 2270 1010 2330 ab
1040 2271 1152 2330 eisdem

140 2360 245 2420 Tuscis
274 2362 423 2421 conditam
450 2379 484 2421 ac
517 2359 642 2419 subinde
669 2358 786 2438 Nolam3
819 2361 937 2419 stetisse
970 2366 1070 2420 autem
1101 2357 1152 2417 Ca·

139 2466 242 2528 puam,
265 2456 422 2526 antequam
446 2466 462 2507 a
485 2447 625 2508 Romanis
648 2455 818 2528 caperetur,
848 2450 933 2508 annis
956 2450 1076 2509 circiter
1099 2447 1152 2506 du·
1167 2456 1196 2496 2⁵

109 2537 236 2595 Acentis
265 2543 295 2595 et
322 2537 480 2614 sexaginta.
518 2534 597 2613 quod
625 2537 650 2594 si
676 2537 717 2595 ita
745 2543 804 2616 est,
832 2554 901 2596 cum
928 2538 987 2597 sint
1014 2555 1031 2595 a
1055 2535 1153 2614 Capua

139 2632 223 2701 capta
251 2625 321 2683 anni
349 2624 470 2683 ducenti
497 2631 527 2683 et
555 2623 761 2704 quadraginta,
788 2631 822 2683 ut
850 2624 967 2686 condita
983 2633 1053 2705 est,
1084 2625 1153 2683 anni

138 2719 208 2771 sunt
232 2711 294 2771 lere
318 2713 480 2790 quingenti.
513 2729 584 2792 ego,
609 2730 680 2790 paee
696 2711 863 2792 diligentiae
879 2712 997 2773 Catonis
1019 2713 1153 2791 dixerim,

137 2801 185 2858 vix
210 2799 387 2859 crediderim
410 2808 471 2859 tam
488 2807 603 2860 mature
618 2808 730 2861 tantam
743 2800 850 2861 urbem
864 2804 992 2862 crevisse
1007 2801 1153 2880 floruisse,

138 2887 303 2948 concidisse
326 2890 535 2948 resurrexisse.
1166 2902 1195 2942 ³⁰

108 2987 121 3034 1
227 2973 256 3038 8.
294 2975 496 3037 Clarissimum
523 2975 629 3036 deinde
659 2979 791 3037 omnium
821 2977 969 3038 ludicrum
1002 2983 1153 3034 certamen

138 3073 168 3125 et
191 3065 227 3125 ad
250 3065 434 3125 excitandam
449 3067 583 3144 corporis
598 3067 746 3143 animique
759 3068 901 3127 virtutem
915 3063 1153 3124 efficacissimum

208 3224 307 3272 3-10·
323 3218 459 3273 Aemilius
476 3217 548 3274 Sura
565 3223 612 3272 eto.
629 3218 694 3273 baec
712 3217 870 3272 inducendo
887 3231 941 3270 esse
954 3217 1065 3284 primm
1082 3214 1153 3268 cidit

139 3284 173 3341 P.
192 3288 342 3344 Delbent'oa
405 3289 506 3358 tquia
521 3289 550 3342 P
612 3288 709 3343 oNisi
724 3289 753 3344 P
815 3293 848 3342 10
864 3287 984 3357 potitust
999 3287 1152 3341 Mommsen

138 3357 216 3425 (moe.
231 3357 284 3413 Bt.
305 3366 347 3429 lo,
364 3363 441 3430 283):
459 3360 566 3431 potitus
586 3359 615 3414 P
704 3365 737 3415 16
755 3359 892 3414 inciderat
907 3359 941 3428 P,
960 3375 1008 3415 em.
1023 3355 1152 3413 Gelenius

139 3433 171 3482 19
191 3428 367 3497 maximeque
387 3432 416 3484 P
