2422 3848
522 173 545 211 c.
565 162 687 211 5942.
1071 157 1112 222 73

100 322 181 403 latia,
205 341 273 383 mox
296 343 312 383 a
336 322 464 383 Casilino
481 332 638 383 veteranos
662 324 769 383 excivit
790 330 943 402 paternos:
984 342 1113 404 quorum

100 412 268 491 exemplum
296 414 392 473 secuti
419 409 468 470 alii
491 409 574 473 brevi
600 413 632 471 in
660 411 785 471 sormam
812 414 884 472 iusti
907 414 1004 473 coiere
1029 431 1112 474 exer·
1159 424 1162 430 ·

100 502 185 561 citus.
231 519 299 561 mox
322 520 391 562 cum
414 498 560 561 Antonius
583 502 766 561 occurrisset
788 502 946 580 exercitui,
970 519 1059 579 quem
1077 520 1113 562 ex

100 591 304 650 transmarinis
327 589 488 670 provinciis
510 589 713 650 Brundusium
740 591 841 649 venire
868 591 1010 669 iusserat,
1037 589 1113 668 legio

73 676 204 738 oMartia
237 687 267 738 et
299 685 404 756 quarta
437 680 554 756 cognita
585 685 617 739 et
649 685 769 738 senatus
797 677 948 738 voluntate
978 685 1009 739 et
1039 681 1114 739 tanti

99 768 214 826 iuvenis
237 766 336 827 indole
360 763 484 827 sublatis
507 769 599 845 signis
622 766 658 825 ad
678 765 834 826 Caesarem
857 785 889 827 se
913 766 1113 828 contulerunt.
1175 825 1177 831 .

99 873 168 914 eum
197 863 317 916 senatus
344 856 523 915 honoratum
550 856 682 932 equestri
716 862 825 935 statua,
857 872 932 933 quae
964 855 1146 933 hodiequea

98 945 130 1003 in
154 945 261 1003 rostris
283 945 379 1022 posita
398 953 524 1007 aetatem
543 945 607 1003 eius
622 944 770 1021 scriptura
785 941 908 1024 indicat,
932 937 1000 1025 (qui
1017 945 1114 1005 honor

99 1049 160 1091 non
182 1031 232 1092 alii
254 1050 308 1111 per
330 1039 482 1095 trecentos
506 1049 599 1091 annos
622 1048 710 1110 quam
732 1029 765 1091 L.
781 1029 878 1091 Sullae
902 1039 932 1092 et
956 1030 1008 1093 Cn.
1027 1033 1113 1094 Pom·

51 1136 83 1176 ιο
98 1122 166 1198 peio
191 1129 220 1180 et
239 1119 269 1180 C.
286 1119 404 1181 Caesari
428 1113 607 1202 contigerat)
630 1137 685 1199 pro
708 1127 845 1198 praetore
869 1138 928 1180 urna
951 1138 1020 1181 cum
1044 1140 1113 1182 cou-

99 1207 214 1268 sulibus
245 1208 406 1288 designatis
433 1209 530 1271 Hirtio
563 1215 593 1267 et
619 1207 715 1268 Pansa
746 1205 858 1268 bellum
890 1226 959 1269 cum
985 1208 1113 1270 Antonio

98 1314 202 1376 gerere
225 1299 321 1357 iussit.
357 1301 391 1359 id
404 1298 440 1359 ab
455 1317 491 1359 eo
511 1314 623 1357 annum
636 1304 741 1375 agente
754 1298 929 1357 vicesimum
952 1298 1113 1359 fortissime
1127 1312 1146 1360 4

99 1387 178 1445 circa
200 1384 344 1446 Mutinam
371 1387 609 1448 administratum
636 1392 682 1445 est
710 1393 740 1445 et
762 1385 795 1445 D.
818 1384 930 1446 Brutus
960 1384 1112 1447 obsidione

97 1471 249 1534 liberatus.
294 1474 440 1538 Antonius
467 1476 550 1554 turpi
578 1492 611 1534 ac
635 1474 714 1534 nuda
737 1474 806 1553 iuga
828 1482 950 1534 coactus
973 1474 1113 1535 deserere

54 1561 225 1642 151taliam‚
252 1563 409 1624 consulum
437 1573 537 1625 autem
560 1563 634 1622 alter
656 1564 688 1622 in
711 1565 788 1643 acie,
815 1562 890 1623 alter
912 1571 981 1641 post
1002 1581 1113 1642 paucos

97 1650 162 1710 dies
186 1669 222 1710 ex
245 1651 365 1712 volnere
388 1660 516 1714 mortem
539 1650 621 1711 obiit.

169 1736 238 1800 Ἱ62.
276 1739 381 1801 Omnia
404 1749 473 1802 ante
497 1756 586 1820 quam
608 1739 763 1818 fugaretur
781 1739 927 1807 Antonius
949 1740 1143 1802 honorificet

97 1847 114 1888 a
146 1837 251 1889 senatu
283 1831 314 1888 in
347 1828 503 1890 Caesarem
535 1829 759 1905 exercitumque
794 1829 859 1888 eius
891 1827 1010 1889 decreta
1043 1836 1113 1890 sunt

97 1918 223 1977 maxime
252 1924 373 1977 auctore
402 1917 559 1996 Cicerone3
587 1916 639 1976 sed
668 1923 701 1976 ut
729 1917 855 1977 recessit
876 1925 990 1997 metus,
1014 1919 1113 1996 erupit

52 2022 82 2061 ao
98 2005 233 2065 voluntas
261 2007 458 2084 protinusque
486 2005 673 2083 Pompeianis
700 2003 836 2083 partibus
867 2005 956 2066 rediit
987 2008 1111 2066 animus.

97 2092 190 2153 Bruto
219 2091 380 2171 Cassioque
407 2095 589 2174 provinciae,
617 2110 690 2171 quas
717 2095 776 2153 iam
803 2095 860 2172 ipsi
891 2097 954 2154 siue
982 2094 1041 2154 ullo
1065 2108 1143 2156 see

97 2189 186 2242 natus
209 2181 345 2242 consulto
367 2189 597 2262 occupaverant,
619 2181 770 2262 decretae,
797 2181 908 2242 laudati
931 2185 1111 2261 quicumque

97 2288 130 2329 se
158 2271 195 2328 iis
222 2272 372 2331 exercitus
398 2271 605 2350 tradidissent,
636 2271 735 2330 omnia
763 2272 961 2331 transmarina
987 2272 1111 2349 imperia

98 2376 202 2435 eorum
226 2360 382 2420 commissa
405 2358 537 2420 arbitrio.
583 2360 693 2437 quippe
707 2357 744 2418 M.
758 2357 870 2418 Brutus
892 2365 922 2418 et
936 2357 967 2418 C.
983 2357 1110 2439 CassiuS,
1126 2372 1144 2420 3

52 2463 81 2503 aa
97 2464 178 2506 nunc
205 2455 373 2508 metuentes
401 2465 482 2508 arma
509 2448 642 2529 Antonii,
674 2465 755 2508 nunc
787 2447 823 2508 ad
854 2446 1019 2526 augendam
1046 2449 1112 2507 eius

97 2535 236 2595 invidiam
260 2535 432 2597 simulantes
460 2555 492 2597 se
507 2544 655 2617 metuere,
678 2537 779 2597 testati
800 2535 905 2597 edictis
927 2534 1056 2596 libenter
1079 2553 1110 2596 se

96 2623 143 2684 vei
170 2625 201 2683 in
228 2633 374 2703 perpetuo
402 2624 489 2686 exilio
517 2627 662 2706 victuros,
694 2625 765 2685 dum
797 2627 841 2685 rei
872 2623 1008 2704 publicae
1041 2643 1110 2685 con·

151 2794 266 2849 ibreui
282 2795 358 2849 MA:
376 2796 407 2849 in
424 2795 504 2850 breui
524 2795 570 2867 ΡΙ
589 2795 620 2850 in
637 2795 729 2850 formo
746 2794 814 2851 iusti
833 2795 908 2850 coire
923 2796 1001 2862 MA,
1019 2811 1067 2850 em.
1084 2794 1113 2848 P

151 2865 287 2920 bMartio
301 2866 329 2918 A
345 2868 349 2935 Ι
364 2868 446 2920 tantu
462 2865 574 2924 Rudente.
647 2868 811 2921 isoncium
828 2866 856 2919 A
928 2865 1021 2936 ion]
1037 2864 1066 2920 C.
1082 2866 1111 2918 A

151 2940 185 2988 10
202 2951 254 3005 pro
272 2938 401 3006 praetore
420 2937 565 3006 Sigonius:
582 2954 634 3007 pro
652 2937 683 2992 P.
702 2937 735 2992 R.
754 2937 815 2992 ΑΡ
877 2943 909 2990 12
928 2936 958 2991 id
976 2937 1039 2991 odd.
1060 2936 1111 2990 Ge·

96 3006 185 3060 leuius
201 3007 205 3074 Ι
224 3006 335 3061 fortiter
359 3007 399 3061 ed.
425 3007 505 3063 Orelt.
529 3024 675 3076 operarum
698 3024 788 3063 errore
896 3013 927 3061 13
952 3008 1048 3061 estet
1071 3005 1110 3060 P:

95 3078 171 3131 esset
187 3077 216 3129 A
277 3082 310 3130 23
331 3093 360 3130 se
378 3077 432 3131 hiis
451 3095 481 3132 se
499 3079 536 3146 A,
554 3078 598 3132 his
617 3095 646 3133 se
667 3079 702 3147 P,
721 3096 750 3133 se
768 3078 803 3133 iis
822 3080 852 3133 et
871 3077 956 3131 Orelli
1018 3083 1111 3131 adar-

94 3146 181 3202 bituio
203 3147 241 3201 P:
268 3147 387 3216 imperio
405 3148 441 3213 A,
464 3164 498 3202 ex
520 3166 576 3218 qua
600 3150 724 3216 lectione,
746 3151 803 3203 nisi
826 3149 927 3203 calami
950 3148 1031 3215 tapso
1049 3153 1112 3202 orto

94 3223 147 3285 eet,
165 3218 302 3288 suspicere
319 3219 490 3273 scribendam
508 3235 574 3274 esse:
598 3220 692 3274 omnia
709 3219 897 3274 transmarina
910 3235 1007 3273 eorum
1021 3236 1044 3272 o.
1058 3218 1111 3272 im·
1195 3234 1208 3274 ,·

131 3289 174 3344 rio
282 3294 316 3342 27
335 3289 403 3359 reip.
423 3289 563 3344 Gelenius:
591 3306 663 3359 resp.
682 3290 748 3358 ΑΡ,
770 3305 814 3343 res
832 3307 860 3360 p.
879 3290 1021 3343 constaret
1039 3291 1069 3342 et
1086 3306 1109 3343 c.

127 3376 205 3426 uoce,
232 3375 315 3428 quam
336 3361 368 3414 in
385 3361 546 3415 seutentiam
568 3362 663 3415 saltem
684 3361 780 3416 melius
797 3361 879 3428 seret:
912 3359 978 3413 dum
996 3360 1113 3428 publica

94 3432 184 3494 const
205 3429 355 3486 eoncordia
