2422 3848
493 167 516 204 o.
537 157 625 205 1—4.
1024 147 1067 210 21

141 312 171 376 3.
209 316 285 377 Tum
312 316 344 377 P.
369 316 468 395 Scipio
496 315 613 397 Nasica,
647 317 712 375 eius
740 316 793 393 qui
821 316 951 394 optimus
978 316 1024 374 vir
1052 325 1098 374 a1

53 413 158 464 senatu
181 405 328 467 iudicatus
352 414 428 484 erat,
456 423 563 484 nepos,
587 407 652 465 eius
676 405 727 482 qui
750 421 857 463 censor
880 404 1014 482 porticus
1037 405 1068 463 in

54 492 196 572 Capitolio
228 494 353 573 fecerat,
386 493 477 572 filius,
509 511 659 572 pronepos
691 499 791 553 autem
827 490 878 552 Cn.
912 491 1069 573 Scipionis,

54 581 241 642 celeberrimi
259 584 317 643 viri
338 582 370 642 P.
385 581 516 642 Africani
538 583 650 662 patrui,
673 583 866 659 privatusque
890 588 919 640 et
942 586 1070 660 togatus,

26 683 122 730 tcum
155 678 235 730 esset
267 669 465 731 consobrinus
497 669 541 730 Ti.
573 669 710 750 Gracchi,
741 670 869 748 patriam
901 669 1071 747 cognationi

52 759 226 837 praeferens
255 768 284 819 et
312 759 456 837 quidquid
483 757 603 837 publice
632 757 759 818 salutare
792 775 852 817 non
886 763 978 836 esset,
1009 757 1069 835 pri-

52 849 142 907 vatim
166 847 295 907 alienum
319 849 491 907 existimaus
515 841 568 928 (ob
587 865 635 906 eas
649 848 775 906 virtutes
798 848 914 924 primus
938 847 1070 905 omnium

53 935 160 995 absens
192 935 327 1014 pontifex
360 936 504 994 maximus
537 935 633 995 factus
666 927 740 1016 cst),
776 933 957 994 circumdata
989 933 1071 992 laevo

54 1022 176 1082 brachio
200 1030 285 1101 togae
309 1022 414 1082 lacinia
438 1041 474 1082 ex
497 1025 652 1102 superiore
675 1028 759 1101 parte
785 1020 920 1100 Capitolii
939 1023 1072 1098 ‚summis

14 1125 41 1163 10
55 1109 196 1189 gradihus
223 1113 365 1171 insistens
394 1111 531 1171 hortatus
564 1120 623 1192 est,
657 1112 708 1189 qui
736 1109 845 1170 salvam
871 1109 981 1169 vellent
1008 1126 1073 1168 rem

54 1199 217 1280 publicam,
245 1218 277 1259 se
306 1207 512 1278 sequerentur.
550 1209 614 1260 tum
637 1201 807 1279 optimates,
838 1206 959 1259 senatus
983 1204 1102 1275 atque2

55 1290 204 1365 equestris
231 1287 344 1347 ordinis
367 1306 436 1367 pars
460 1288 565 1348 mehor
589 1296 619 1348 et
648 1289 755 1366 maior,
784 1294 813 1347 et
841 1288 951 1346 intacta
973 1287 1073 1364 perni-

55 1378 144 1436 ciosis
168 1376 300 1436 consiliis
323 1376 408 1455 plebs
431 1379 552 1437 inruere
576 1379 607 1436 in
623 1375 790 1437 Gracchum
804 1382 931 1435 stantem
954 1377 985 1434 in
1005 1392 1074 1434 area

56 1482 125 1524 cum
153 1467 279 1525 catervis
309 1467 371 1525 suis
395 1473 425 1525 et
448 1467 635 1526 concientem
657 1483 752 1544 paene
776 1466 868 1523 totius
891 1463 991 1523 ltaliae
1014 1463 1073 1522 fre·

15 1564 41 1605 1⁵
57 1554 216 1631 quentiam.
254 1555 280 1613 is
303 1553 421 1632 lugiens
444 1554 668 1632 decurrensque
693 1552 767 1612 clivo
792 1551 973 1632 Capitolino,
996 1551 1073 1630 frag-

56 1643 135 1700 mine
173 1641 306 1701 subsellii
343 1643 421 1701 ictus
453 1644 555 1723 vitam,
592 1659 681 1720 quam
717 1639 929 1718 gloriosissime
965 1639 1073 1718 degere

56 1738 208 1809 potuerat,
240 1732 398 1790 immatura
430 1737 526 1790 morte
556 1731 658 1789 finivit.
704 1727 761 1788 hoe
793 1729 912 1788 initium
939 1730 970 1787 in
997 1726 1103 1787 urbes

56 1817 148 1878 Roma
173 1817 267 1878 civilis
281 1820 433 1896 sanguinis
447 1818 671 1896 gladiorumque
694 1818 879 1895 impunitatis
903 1817 967 1878 fuit.
1003 1815 1073 1875 inde

57 1908 105 1966 ius
128 1907 156 1964 vi
184 1905 325 1966 obrutum
347 1909 557 1985 potentiorque
580 1905 699 1966 habitus
721 1907 818 1987 prior,
848 1904 1073 1983 discordiaeque

16 2007 44 2046 20
59 1995 168 2054 civium
191 2001 277 2053 antea
298 1994 522 2054 condicionibus
546 1997 644 2055 sanari
668 1993 769 2054 solitae
794 1994 874 2053 ferro
898 1993 1074 2054 diiudicatae

56 2081 194 2159 bellaque
222 2099 282 2142 non
311 2084 408 2142 causis
435 2084 521 2163 inita,
550 2080 601 2143 sed
628 2089 719 2161 prout
743 2100 846 2142 eorum
869 2099 986 2142 merces
1008 2082 1074 2142 luit.

57 2170 137 2248 quod
159 2169 231 2230 haut
254 2171 364 2231 mirum
387 2178 445 2231 est:
482 2189 542 2230 non
567 2172 646 2230 enim
675 2170 716 2230 ibi
740 2171 907 2230 consistunt
930 2169 1103 2250 exemplat

56 2258 135 2319 unde
159 2266 336 2340 coeperunt,
360 2259 412 2319 sed
434 2258 595 2337 quamhbet
609 2261 640 2319 in
654 2266 776 2319 tenuem
790 2264 910 2336 recepta
924 2260 1074 2318 tramitem

56 2346 198 2406 latissime
227 2347 368 2426 evagandi
396 2347 452 2407 sibi
475 2348 552 2408 viam
580 2349 706 2428 faciunt,
734 2354 764 2407 et
791 2344 843 2406 ubi
871 2345 963 2406 semel
990 2353 1074 2405 recto

13 2447 41 2487 2⁵
58 2434 228 2495 deerratum
251 2443 310 2515 est,
333 2438 364 2495 in
386 2454 530 2515 praeceps
552 2438 740 2516 pervenitur,
764 2453 819 2495 nec
837 2436 993 2513 quisquam
1018 2433 1075 2494 sibi

56 2530 141 2601 putat
163 2530 265 2606 turpe,
290 2525 369 2602 quod
392 2525 441 2585 alii
463 2525 520 2585 fuit
543 2525 740 2585 fructuosum.

145 2608 175 2671 4.
212 2611 348 2695 lnterim,
379 2613 449 2673 dum
476 2613 549 2673 haec
577 2616 608 2673 in
631 2613 714 2673 ltalia
741 2619 902 2692 geruntur,
930 2611 1104 2671 Aristoni-1

57 2717 125 2781 cus,
148 2701 199 2777 qui
222 2708 341 2761 mortuo
365 2720 435 2780 rege
459 2701 569 2782 Attalo,
596 2720 612 2762 a
636 2720 694 2780 quo
717 2701 786 2761 Asia
808 2700 918 2780 populo
941 2700 1074 2759 Romano

56 2786 227 2848 hereditate
245 2788 348 2849 relicta
371 2797 448 2869 crat,
472 2792 550 2850 sicut
572 2790 675 2850 relicta
697 2796 801 2868 postca
825 2796 871 2849 est
884 2807 901 2848 a
914 2787 1075 2849 Nicomede

45 3032 54 3039 -.
129 3000 147 3046 4
164 2995 281 3062 patruus
295 2994 360 3062 AP,
375 2994 469 3064 patrui
482 2993 506 3048 is
520 2995 612 3050 Aldus
629 2996 706 3050 houd
724 2996 779 3049 seio
794 2999 923 3061 aureole,
942 2993 976 3059 cf.
987 2999 1012 3059 2,
1022 2998 1074 3060 4,1

57 3063 152 3133 Mi]
173 3065 204 3120 T.
223 3064 282 3118 AP
380 3065 559 3134 bprivatum
577 3066 605 3119 A
706 3065 920 3120 8oireumdata
941 3063 1033 3117 Aldus
1051 3066 1076 3116 et

59 3134 215 3189 Puteanus:
240 3153 304 3190 oum
327 3135 395 3190 data
416 3136 475 3190 AP
572 3142 588 3190 9
612 3135 750 3206 superiori
769 3136 798 3188 P
816 3136 883 3203 (noo
902 3134 977 3202 MA)

57 3211 90 3258 11
112 3205 196 3271 atque
213 3206 241 3259 A
261 3207 358 3262 addito
376 3208 406 3261 et
423 3224 444 3262 a.
463 3208 479 3262 l.
564 3213 597 3261 12
616 3223 719 3262 comma
732 3211 797 3276 post
815 3204 905 3259 maior
921 3204 1005 3272 posui

56 3280 92 3330 20
111 3277 175 3328 ante
195 3291 211 3328 a
231 3276 260 3329 P
344 3282 378 3332 25
398 3278 452 3333 sibi
471 3277 548 3333 MA:
573 3293 623 3332 om.
644 3277 673 3330 P
746 3281 781 3331 28
800 3275 849 3344 qui
866 3276 916 3330 del.
937 3274 1075 3343 Gelenius,

55 3345 171 3414 quidam
188 3344 284 3414 Orella'3
303 3349 410 3403 videtur
424 3348 543 3404 Velleius
555 3349 738 3419 nepleyentios
751 3347 891 3416 scripsisse
945 3352 979 3402 29
993 3346 1074 3401 here-

56 3416 140 3472 ditati
157 3415 222 3485 AP,
241 3434 288 3472 em.
308 3419 398 3474 Aldus
