2422 3848
511 188 534 226 c.
554 177 677 227 90—92.
1066 173 1109 237 97

186 334 240 419 91‚
276 335 352 397 Dum
371 345 493 415 pacatur
512 335 672 417 OccidenS,
696 337 731 398 ab
751 337 873 399 Oriente
898 357 931 399 ac
952 357 1023 418 rege
1041 338 1141 400 Par-1

95 426 219 487 thorum
237 427 321 504 signa
338 424 482 506 Romana,
501 443 576 503 quae
596 423 702 485 Crasso
721 444 864 505 oppresso
884 426 1012 509 Orodes,
1036 446 1111 506 quae

95 514 227 576 Antonio
248 513 335 593 pulso
362 512 440 574 tilius
469 516 533 574 eius
556 513 698 574 Phraates
722 523 875 594 ceperant,
904 515 1036 594 Augusto
1065 536 1110 577 re·

95 605 187 665 missa
219 610 298 663 sunt.
353 602 432 681 quod
465 620 629 680 cognomen
660 601 704 662 illi
732 604 798 662 iure
831 603 932 664 Planci
964 608 1111 665 sententia

69 700 262 769 1000000000
281 692 413 752 universi
431 698 551 751 senatus
569 691 731 769 populique
746 691 871 752 Romani
889 692 1003 754 indidit.
1027 701 1143 754 010010

94 788 197 843 tamen
224 781 277 859 qui
304 778 384 839 hunc
408 779 612 840 felicissimum
636 787 747 840 statum
774 781 919 842 odissent:
947 784 1055 861 quippe
1080 781 1111 841 L.

93 866 222 930 1101000
243 875 275 928 01
296 866 426 928 Fannius
450 866 557 946 Caepio
581 868 706 928 diversis
729 868 862 929 moribus
887 863 970 951 (nam
989 870 1112 931 Murena

94 958 161 1019 sine
184 956 242 1016 hoc
265 956 396 1017 lacinore
414 958 512 1035 potuit
534 955 628 1016 videri
650 954 762 1037 bonus,
786 956 894 1036 Caepio
918 966 948 1017 et
968 959 1112 1019 antehoc

95 1052 161 1107 0101
187 1038 351 1127 pessimus)
379 1062 448 1104 cum
476 1045 613 1104 iniissent
641 1044 796 1104 occidendi
818 1043 952 1106 Caesaris
981 1047 1102 1108 consilia

53 1142 83 1185 1⁰
95 1135 234 1214 oppressi
252 1135 427 1193 auctoritate
447 1131 578 1213 publica,
602 1132 681 1210 quod
700 1134 728 1192 vi
747 1133 845 1193 100010
864 1134 1027 1214 voluerant,
1045 1137 1110 1195 iure

94 1223 177 1303 passi
200 1228 278 1282 0001.
314 1238 412 1299 neque
435 1220 529 1281 multo
552 1228 620 1299 post
638 1219 734 1281 Rufus
753 1220 911 1303 Egnatius,
934 1240 989 1301 per
1013 1225 1141 1284 omnies

94 1309 251 1391 gladiatori
274 1327 363 1387 quam
386 1311 516 1369 senatori
539 1311 673 1389 propior,
697 1309 821 1370 collecto
845 1312 875 1369 in
899 1311 1046 1372 aedilitate
1070 1312 1110 1371 l·

94 1416 168 1459 vore
194 1397 310 1478 populi,
338 1414 428 1476 quem
454 1398 662 1475 extinguendis
689 1400 802 1477 privata
830 1399 939 1459 familia
965 1400 1111 1460 incendiis

95 1488 128 1548 in
160 1485 225 1547 dies
257 1493 392 1566 auxerat,
424 1487 455 1546 in
489 1493 605 1546 tantum
637 1486 769 1566 quidem,
806 1495 841 1547 ut
877 1490 905 1548 01
940 1497 1111 1566 0100101010

52 1584 82 1627 ¹⁶
95 1577 300 1656 continuaret,
331 1592 400 1634 mox
431 1576 520 1634 etiam
552 1573 739 1634 consulatum
771 1583 873 1653 petere
907 1593 1010 1656 ausus,
1043 1594 1111 1637 cum

94 1671 178 1725 00001
195 1665 276 1723 omni
292 1662 472 1741 flagitiorum
491 1662 697 1740 scelerumque
717 1664 899 1738 conscientia
917 1681 1034 1723 mersus
1054 1683 1109 1723 nec

94 1751 202 1812 melior
222 1750 266 1812 illi
292 1768 342 1811 100
365 1750 515 1811 1001110110
539 1767 627 1828 quam
649 1767 734 1810 mens
757 1750 850 1832 loret,
878 1751 1043 1830 adgregatis
1072 1755 1109 1811 si·

50 1918 52 1923 ,
94 1839 227 1901 millimis
254 1838 311 1900 sibi
339 1841 511 1900 interimere
540 1837 697 1898 Caesarem
726 1841 841 1920 statuit,
873 1847 907 1900 ut
939 1857 998 1917 quo
1031 1839 1109 1899 salvo

94 1927 194 1989 salvus
221 1945 288 1988 0000
319 1945 378 1987 000
408 1935 536 2008 poterat,
567 1945 602 1987 eo
631 1926 747 1987 sublato
776 1935 953 1988 moreretur.
1000 1931 1142 2007 quippei

52 2017 138 2077 uita
160 2034 193 2076 se
216 2033 315 2076 mores
339 2014 462 2095 hahent,
484 2023 519 2075 nt
541 2014 660 2094 publica
679 2018 805 2095 quisque
824 2018 910 2076 ruina
929 2016 1010 2077 malit
1033 2019 1110 2077 occi·

94 2104 168 2165 dere
192 2122 280 2183 quam
307 2121 361 2164 sua
383 2105 497 2183 proteri
520 2110 550 2163 et
572 2103 652 2163 idem
673 2122 817 2182 passurus
847 2108 945 2165 minus
969 2107 1110 2184 conspici.

94 2210 193 2272 neque
216 2191 265 2252 hic
287 2191 438 2272 prioribus
461 2193 492 2251 in
515 2190 689 2251 occultando
708 2191 823 2252 felicior
841 2192 909 2271 fuit,
933 2191 1110 2271 abditusque

95 2282 211 2341 carceri
238 2298 307 2341 cum
337 2282 464 2341 consciis
495 2279 635 2339 facinoris
664 2289 792 2340 mortem
821 2279 1024 2358 dignissimam
1052 2283 1111 2340 vita

70 2386 153 2430 -sua
175 2368 257 2429 obiit.

53 2466 82 2509 2⁵
186 2453 238 2518 92.
290 2453 480 2516 Praeclarum
516 2455 687 2516 excellentis
719 2457 775 2516 viri
807 2456 918 2516 factum
952 2455 983 2516 C.
1017 2453 1139 2524 Sentii1

95 2544 251 2606 Saturnini
274 2547 353 2605 circa
376 2562 410 2605 ea
429 2553 563 2624 tempora
581 2544 712 2605 consulis
730 2562 767 2603 ne
787 2544 941 2605 fraudetur
960 2547 1110 2605 memoria.

94 2631 288 2717 0101011110]
323 2633 494 2717 ordinandis
525 2633 610 2694 Asiae
643 2632 833 2710 Orientisque
869 2632 961 2693 rebus
994 2632 1140 2713 Caesone

94 2721 312 2782 circumferens
329 2728 478 2782 terrarum
497 2720 563 2780 orbi
579 2723 747 2800 praesentia
765 2738 819 2781 sua
837 2723 918 2800 pacis
937 2740 1009 2782 suae
1024 2721 1109 2782 bona.

95 2816 159 2871 tum
188 2808 322 2890 Sentius,
355 2810 431 2869 10110
460 2817 490 2870 01
517 2808 598 2869 00100
631 2819 661 2870 01
692 2808 814 2869 absente
843 2808 967 2870 Caesare
997 2808 1110 2888 consul,

53 2907 82 2951 ⁸⁰
95 2915 165 2958 cum
192 2897 247 2957 alia
273 2900 372 2977 prisca
401 2899 558 2959 severitate
591 2915 763 2975 summaque
796 2900 973 2977 constantia,
1008 2907 1108 2956 voterc

167 3091 182 3138 2
202 3101 335 3154 oppresso
355 3083 495 3140 Gelenius:
518 3101 613 3153 presso
634 3083 673 3151 P,
696 3099 809 3152 0100000
829 3084 856 3136 Α
938 3089 953 3136 3
972 3083 1109 3136 Prahates

94 3155 136 3224 A,
153 3154 309 3209 Phrahates
326 3156 355 3209 P
424 3161 442 3209 4
459 3155 519 3209 1010
535 3154 630 3210 Orelli:
650 3155 711 3209 uiro
725 3155 789 3222 ΑΡ,
808 3171 847 3208 on
865 3169 1020 3224 cognomen
1037 3153 1109 3207 inlu-

95 3225 174 3280 stre?
259 3228 360 3280 80010
378 3226 432 3280 hoc
451 3225 591 3280 Gelenius:
610 3226 665 3279 hoc
684 3226 748 3279 0010
767 3225 826 3279 ΑΡ
911 3224 1065 3278 dicissent
1084 3225 1114 3277 P

95 3298 164 3366 (non
180 3296 209 3350 A
292 3303 326 3352 16
345 3296 470 3351 omnium
487 3296 616 3350 Burman
683 3301 717 3350 20
737 3296 961 3351 0101101,Βο101
1028 3300 1060 3348 21
1081 3297 1111 3350 01

95 3382 147 3424 om.
165 3367 194 3421 A
230 3367 302 3422 inter
319 3367 395 3422 idem
413 3383 544 3436 passuros
563 3365 682 3436 Steoeqer
753 3373 786 3421 23
806 3383 916 3421 0010010
935 3366 1047 3421 Kranae

95 3444 130 3493 2¹1
148 3438 179 3492 in
196 3439 246 3493 det.
262 3438 397 3494 Heinsius
450 3442 483 3491 28
503 3453 553 3491 000
572 3437 622 3492 del.
641 3436 751 3491 Rnhnlc
805 3444 840 3492 30
858 3440 985 3493 veterum
998 3436 1109 3492 1111101.

149 3545 250 3587 Velleius
264 3546 298 3589 od.
312 3545 387 3587 naim.
881 3549 896 3598 7

1103 1096 1112 1127 7
1201 1122 1205 1128 .
