2422 3848
480 176 503 216 c.
523 164 645 214 20-22.
1028 157 1071 223 3‘1

56 323 144 385 ssixit:
181 327 266 385 cuius
290 327 442 386 commissi
463 327 631 406 patratique
656 323 711 385 sub
726 325 799 403 ipsis
822 323 978 385 moenibus
1002 342 1072 385 ocu·
1164 324 1173 389 J

56 412 151 490 lisque
179 413 264 474 urhis
293 413 441 474 Romanae
471 412 673 494 pugnantibus
696 412 958 492 spectantibusque
985 431 1074 493 quam

57 500 147 562 luerit
168 509 292 562 eventus
316 501 486 584 exitiabilis,
510 504 558 562 vix
581 500 680 562 verbis
703 503 830 580 exprimi
852 508 960 580 potest.
1004 508 1104 581 post4

56 588 113 649 hoc
137 608 206 650 cum
228 598 390 669 utrumque
405 593 569 652 exercitum
583 590 663 650 velut
682 607 790 669 parum
804 589 881 649 bello
896 588 1073 650 exhaustum

28 677 202 746 ,olacoraret
223 679 405 762 pestilentia,
429 678 481 740 Cn.
504 679 664 758 Pompeius
687 677 728 719 *³¹³
736 678 873 738 decessit.
920 680 1005 739 ouius
1028 680 1073 738 in-

57 768 164 827 teritus
193 767 327 847 voluptas
355 769 532 828 amissorum
560 775 611 828 aut
638 766 733 846 gladio
757 775 808 827 aut
836 766 940 827 morbo
965 768 1074 827 civium

56 872 151 932 paene
180 854 285 915 damno
313 863 470 934 repensata
497 863 556 935 est,
587 856 774 935 populusque
804 855 956 916 Romanus
985 872 1074 934 quam

57 945 123 1001 vivo
146 943 330 1003 iracundiam
353 943 510 1025 debuerat,
532 945 563 1003 in
587 961 697 1022 corpus
710 945 821 1003 mortui
844 943 978 1005 eontulit.
1019 951 1103 1004 seu5

58 1029 133 1089 dorae
163 1049 215 1090 seu
243 1038 305 1091 tres
332 1030 542 1111 Pompeiorum
574 1031 659 1115 luere
691 1030 829 1113 familiae,
862 1034 977 1110 primus
1008 1034 1072 1092 eius

16 1135 43 1173 ιο
58 1119 186 1178 nominis
210 1127 277 1180 ante
301 1137 393 1180 annos
417 1120 480 1180 fere
503 1126 624 1180 centum
643 1121 794 1198 sexaginta
808 1127 924 1198 septem
938 1119 971 1190 Q.
986 1119 1072 1180 Pom-

57 1209 143 1286 peius
167 1225 237 1267 cum
255 1207 306 1269 Cn.
323 1208 446 1268 Servilio
470 1207 575 1268 consul
598 1206 662 1268 iuit.
699 1205 790 1268 Cinna
815 1215 845 1268 et
859 1207 970 1269 Marius
992 1207 1102 1268 haudo

57 1298 223 1356 incruentis
251 1299 402 1376 utrimque
430 1295 643 1357 certaminibus
672 1295 758 1356 editis
782 1295 889 1356 urbem
912 1314 1074 1376 occupave-

58 1393 142 1465 runt,
171 1385 223 1444 sed
251 1387 334 1464 prior
361 1387 514 1465 ingressus
538 1384 630 1445 Cinna
658 1384 694 1445 de
722 1384 895 1463 recipiendo
917 1383 1010 1445 Mario
1033 1385 1073 1445 le·

62 1489 129 1550 gem
153 1472 228 1534 tulit.
788 1513 792 1526 ·

16 1577 44 1616 15
148 1558 200 1622 22.
237 1561 304 1622 Mox
327 1561 358 1623 C.
381 1562 492 1624 Marius
514 1562 657 1641 pestifero
681 1561 795 1622 civibus
818 1563 881 1621 suis
905 1561 1003 1622 reditu
1028 1564 1104 1621 in-1

26 1682 49 1699 -r
59 1651 147 1710 travit
173 1653 297 1717 moenia.
347 1650 420 1711 nihil
449 1651 498 1711 illa
525 1651 648 1711 victoria
679 1650 786 1709 fuisset
818 1648 982 1730 crudelius,
1014 1651 1074 1709 nisi

59 1755 128 1797 mox
161 1737 279 1799 Sullana
312 1747 391 1799 esset
423 1746 537 1819 secuta3
569 1756 666 1816 neque
699 1738 817 1797 licentia
849 1736 1014 1816 gladiorum
1041 1740 1103 1797 ina

60 1825 219 1886 mediocris
249 1829 405 1908 saevitum,
438 1827 491 1887 sed
518 1826 711 1887 excelsissimi
738 1843 857 1904 quoque
886 1835 974 1905 atque
1003 1827 1073 1885 emi·

61 1915 228 1974 uentissimi
257 1916 384 1976 civitatis
406 1916 462 1975 viri
484 1916 573 1974 variis
602 1911 817 1993 suppliciorum
842 1913 1002 1993 generibus
1027 1914 1076 1974 ad·

17 2019 46 2058 no
61 2002 140 2062 lecti.
186 2004 217 2061 in
244 2004 280 2062 iis
308 2003 413 2064 consul
440 2002 591 2083 Octavius,
619 2004 664 2061 vir
690 2002 835 2063 lenissimi
858 2005 963 2085 animi,
990 2005 1076 2064 iussu

62 2087 173 2150 Cinnae
200 2091 375 2151 interiectus
403 2098 457 2151 est,
507 2089 619 2150 Merula
647 2097 759 2171 autem,
794 2093 845 2169 qui
878 2110 910 2151 se
943 2090 998 2152 sub
1027 2091 1075 2151 ad·

61 2185 182 2238 ventum
206 2176 315 2239 Cinnae
340 2179 495 2239 considatu
518 2177 716 2259 abdicaverat,
739 2179 841 2238 incisis
864 2181 948 2239 venis
972 2197 1075 2259 super-

61 2265 188 2344 fusoque
221 2266 361 2328 altaribus
393 2269 550 2347 sanguine,
587 2284 662 2344 quos
695 2283 782 2345 saepe
816 2285 871 2347 pro
904 2267 999 2328 salute
1031 2269 1077 2328 rei

60 2353 197 2433 publicae
225 2355 331 2415 flamen
360 2355 444 2416 dialis
471 2363 611 2435 precatus
635 2362 699 2414 erat
722 2354 806 2436 deos,
831 2373 882 2414 eos
904 2357 936 2415 in
959 2373 1078 2415 execra-

19 2459 47 2499 25
62 2445 173 2502 tionem
197 2442 306 2504 Cinnae
334 2447 523 2522 partiumque
554 2445 618 2503 eiors
646 2449 710 2502 tum
737 2450 877 2522 precatus
907 2446 1016 2522 optime
1041 2443 1078 2503 de

10 2760 13 2765 ,
83 2773 89 2784 ⁸
136 2703 316 2785 lparatique
334 2704 383 2772 Al
399 2703 543 2771 oculisque
561 2703 688 2784 Lepsios:
708 2702 846 2771 sociisque
864 2702 923 2756 ΑΡ
946 2708 1078 2826 Talaum·

58 2774 105 2914 ,ips
115 2773 168 2914 lg:
183 2774 322 2898 dblsealblo
345 2779 501 2899 mobusabtgl
513 2773 641 2898 fflg
662 2775 770 2898 moggi
781 2773 921 2912 &afflig
931 2774 959 2912 b)
970 2789 990 2826 u
1011 2789 1081 2829 mna

63 2920 97 2967 10
124 2919 240 2976 ὂῐῑῖγῑ,
264 2915 341 2969 MA:
363 2921 497 2976 OE'xvsn‘,
522 2914 557 2984 P,
580 2934 670 2969 cnxxn
695 2913 847 2986 Laurenti
872 2913 908 2984 Q]
936 2929 1021 2982 quem
1043 2913 1079 2981 A,

61 3019 147 3070 quam
167 3003 196 3058 P
272 3009 305 3058 12
323 3003 454 3071 utrinque
473 3002 532 3056 AP
610 3007 643 3056 15
663 2986 795 3059 (3⁸13de
875 3007 908 3056 l'i
927 3000 957 3054 in
972 2990 1080 3054 inedio-

62 3073 103 3128 ori
124 3074 165 3141 A,
192 3070 368 3129 immediocri
392 3075 441 3142 Μ,
465 3074 496 3128 in
520 3073 686 3129 mediocreis
710 3073 750 3142 P,
778 3073 816 3128 ad
838 3088 920 3142 quom
942 3072 1081 3126 lectionem

61 3143 200 3199 Bormiae
222 3146 378 3200 odoootaoit:
409 3144 478 3202 ‘an
500 3151 553 3200 oet.
576 3145 663 3214 babel,
686 3160 749 3213 neq.
768 3142 883 3198 licentia
905 3141 1081 3197 immediocri

62 3213 185 3268 saeuitd’
206 3221 299 3284 operto
317 3231 408 3270 errore
425 3231 480 3271 ooo.
500 3216 660 3286 gladiorum
678 3217 803 3269 omittens
875 3217 908 3268 18
928 3211 1081 3267 excelsissi-

61 3301 125 3338 mee
148 3301 260 3353 quoque
283 3303 308 3340 a.
332 3286 568 3341 eminentissimae
592 3286 657 3355 AP,
680 3302 728 3342 em.
751 3285 901 3350 Reiectum
923 3284 995 3338 illud
1016 3283 1080 3337 reii-

61 3360 155 3410 mutes
162 3371 218 3424 pro
237 3356 360 3411 civitatis
373 3359 543 3426 saepserunt
557 3357 702 3412 Puteanus
715 3355 872 3426 dignitatis,
889 3354 987 3410 Haece
999 3353 1084 3406 elexi-

61 3426 130 3480 tatis
147 3428 150 3494 Ι
167 3426 270 3496 quique
285 3426 415 3483 Gabalos
486 3434 520 3484 22
540 3427 648 3485 Cinnae
665 3425 747 3484 (tos.
767 3427 823 3481 ΑΡ
