2422 3848
8 2459 91 2497 ,.

589 201 615 254 II

67 381 79 426 1
128 394 129 398 ¹
188 363 259 427 125.
305 366 386 426 Tulit
408 368 545 446 protinus
569 374 599 426 et
626 367 686 426 voti
715 373 744 425 et
768 365 883 425 consilii
913 367 959 425 sui
982 367 1114 444 pretium

97 472 146 514 res
176 454 307 536 publica,
340 472 437 533 neque
468 456 518 515 diu
547 455 632 515 latuit
662 462 712 515 aut
740 454 810 532 quid
839 472 898 513 non
926 455 1112 533 impetrando

96 545 213 621 passuri
250 543 410 603 fuissemus
448 552 499 604 aut
535 543 605 621 quid
644 542 829 622 impetrando
871 543 1113 620 profecissemus

96 633 206 710 quippe
230 634 392 711 exercitus,
416 633 521 709 quiin
545 630 701 691 Germania
719 629 862 690 militabat
884 633 1112 710 praesentisque

97 719 264 779 Germanici
287 721 412 798 imperio
436 719 608 801 regebatur,
637 719 783 797 simulque
807 718 952 799 legioneS,
981 737 1056 797 quae
1080 721 1140 778 ins

95 807 212 887 illyrico
230 816 329 888 erant,
352 806 432 867 rabie
449 808 573 886 quadam
588 816 619 868 et
632 807 779 887 profunda
793 807 994 872 confundendi
1012 809 1110 868 omnia

96 895 256 975 cupiditate
276 914 385 955 novum
400 896 520 977 ducem,
539 915 646 956 novum
663 903 771 956 statum
776 944 785 976 ,
809 913 913 954 novam
929 894 1111 973 quaerebant

64 997 159 1044 arem
186 983 347 1064 publicam;
381 987 451 1062 quin
480 988 568 1045 etiam
596 987 660 1044 ausi
692 991 763 1044 sunt
789 984 895 1043 minari
927 983 1049 1044 daturos
1079 1001 1112 1045 se

94 1075 224 1153 senatui,
241 1073 374 1134 daturos
402 1074 531 1152 principi
558 1073 651 1153 leges3
683 1072 804 1132 modum
836 1071 988 1152 stipendii,
1021 1072 1111 1132 finem

94 1161 214 1221 militiae
239 1160 295 1220 sibi
318 1163 376 1240 ipsi
395 1164 577 1222 constituere
597 1163 694 1221 conati
718 1169 800 1220 sunt:
823 1178 997 1239 processum
1021 1162 1110 1220 etiam
1125 1177 1150 1216 1o

94 1251 124 1308 in
158 1267 237 1309 arma
270 1250 443 1328 ferrumque
477 1252 613 1309 strictum
646 1257 692 1309 est
725 1256 755 1309 et
785 1266 878 1327 paene
911 1250 942 1306 in
971 1248 1111 1309 ultimum

94 1337 258 1415 gladiorum
288 1339 387 1415 erupit
418 1339 592 1417 impunitas,
624 1337 791 1417 doluitque,
824 1339 875 1415 qui
908 1344 1012 1397 contra
1044 1355 1110 1397 rem

63 1423 241 1502 apublicam
265 1424 402 1505 duceret,
427 1443 487 1485 non
511 1427 562 1503 qui
585 1433 792 1503 sequerentur.
839 1425 890 1484 sed
914 1424 1109 1486 haecomnia

93 1515 202 1573 veteris
221 1514 409 1592 imperatoris
428 1515 596 1594 maturitas,
618 1513 709 1574 multa
728 1512 904 1593 inhibentis,
927 1513 1023 1592 aliqua
1039 1532 1108 1574 crim

93 1603 235 1678 gravitate
257 1601 438 1682 pollicentis,
461 1609 491 1662 et
512 1603 591 1661 inter
614 1620 746 1662 severam
770 1603 928 1680 praecipue
952 1604 1109 1662 noxiorum
1124 1615 1150 1657 is

93 1689 236 1749 ultionem
265 1691 346 1749 mitis
370 1689 494 1750 aliorum
518 1692 670 1768 castigatio
694 1689 777 1749 brevi
801 1692 890 1769 sopiit
917 1708 950 1749 ac
979 1689 1109 1751 sustulit.

62 1789 152 1855 4quo
176 1777 297 1856 quidem
319 1784 454 1856 tempore
478 1785 511 1838 ut
533 1778 674 1857 pleraque
698 1780 811 1856 ignovit
833 1777 1040 1860 Germanicus,
1067 1780 1109 1838 ita

92 1864 221 1945 DrusuS,
250 1868 301 1944 qui
325 1866 693 1945 apameimdiversrrm
721 1865 909 1945 plurimoque
937 1866 1108 1945 idem-igne

93 1956 222 2013 emicans
245 1954 416 2014 incendium
441 1954 576 2015 militaris
604 1954 750 2014 tumultus
773 1956 883 2014 missus
906 1961 983 2035 erat,
1009 1957 1109 2033 prisca

92 2043 271 2119 antiquaque
305 2044 462 2103 severitate
495 2061 568 2102 usus
601 2045 739 2122 ancipitia
777 2041 833 2102 sibi
869 2041 973 2102 maluit
1004 2050 1108 2103 tenere
1122 2059 1150 2100 ao

92 2147 180 2207 quam
200 2130 334 2209 exemplo
353 2133 534 2212 perniciosa,
552 2139 583 2191 et
600 2131 647 2190 his
665 2133 738 2209 ipsis
757 2130 884 2191 militum
902 2129 1019 2210 gladiis,
1044 2133 1107 2210 qui·

61 2216 148 2282 obus
172 2217 313 2279 obsessus
337 2226 414 2300 erat,
440 2218 611 2280 obsidentes
635 2221 781 2300 oodrcuit,
808 2217 950 2298 singulari
973 2217 1108 2279 adiutore

90 2308 121 2365 in
146 2324 181 2366 eo
204 2309 323 2385 negotio
350 2325 423 2367 usus
446 2307 531 2367 lunio
554 2306 670 2387 Blaeso,
699 2310 762 2366 viro
791 2309 906 2367 nescias
933 2305 1051 2367 utiliore
1076 2309 1106 2366 in

90 2397 195 2455 castris
224 2413 261 2454 an
289 2395 410 2455 meliore
439 2398 469 2455 in
499 2403 580 2475 toga:
609 2398 660 2474 qui
687 2403 755 2474 post
781 2413 892 2475 paucos
921 2413 1014 2455 annos
1037 2413 1106 2474 pro·

90 2482 194 2542 consul
216 2485 248 2542 in
271 2483 369 2543 Africa
397 2491 570 2544 ornamenta
597 2483 785 2563 triumphalia
813 2502 881 2544 cum
910 2482 1105 2563 appellatione
1120 2499 1147 2540 ss

89 2572 278 2648 imperatoria
301 2574 419 2632 meruit.
461 2581 490 2632 at
508 2571 664 2651 Hispanias
683 2573 906 2650 exercitumque
928 2575 959 2632 iu
979 2574 1017 2633 iis
1035 2583 1105 2633 cum

161 2765 174 2810 1
196 2759 224 2811 ei
242 2757 303 2812 uoti
321 2757 462 2813 Gelenius:
480 2762 513 2812 ut
530 2759 592 2814 uoti
609 2760 667 2813 ΑΡ
684 2761 726 2827 (ui
742 2759 804 2813 uoti
821 2760 863 2814 iia
881 2776 904 2816 c.
923 2759 1063 2829 Burman)

90 2836 105 2882 6
125 2828 231 2882 rabiem
249 2829 390 2897 quandam
407 2831 435 2882 A
521 2835 536 2883 8
556 2847 585 2884 se
604 2832 668 2886 odd.
690 2830 774 2884 Orelli
860 2836 891 2884 11
911 2830 1043 2884 ultimum
1063 2831 1102 2886 P:

87 2900 217 2953 ultimam
237 2900 313 2970 MA,
336 2900 438 2954 ultima.
461 2901 573 2955 Vossius
664 2906 696 2954 15
717 2903 746 2955 ei
763 2903 826 2955 add.
846 2901 958 2956 Kruuse
976 2901 1048 2968 (miii
1068 2942 1102 2957 ..

88 2970 272 3040 castigatione
292 2971 321 3024 J.
341 2971 393 3026 Fr.
413 2971 568 3026 Gronovius
589 2973 649 3026 siue
672 2972 711 3041 ei)
736 2971 740 3042 Ι
764 2973 910 3027 noxiorum
934 2971 1102 3028 Gronovius:
1120 2969 1125 2973 ’

87 3043 246 3096 nostrorum
265 3043 323 3095 ΑΡ
412 3048 443 3096 17
466 3042 578 3112 ignouii
591 3044 639 3097 ed.
658 3043 773 3112 Bipoot.
796 3042 899 3112 ignaue
921 3041 988 3109 ΑΡ,
1010 3058 1102 3110 gnane

88 3111 254 3178 Salmasius,
274 3112 333 3183 egit
351 3129 442 3183 gnane
460 3112 570 3171 Renes.
663 3119 695 3167 18
714 3113 819 3167 Drusus
839 3113 979 3168 Gelenius:
998 3113 1115 3168 Brutus'

87 3183 146 3235 ΑΡ
160 3185 164 3249 Ι
179 3182 209 3236 in
227 3183 366 3238 diversum
380 3184 529 3253 plurimoq.
545 3182 621 3238 idem
636 3185 768 3254 Madvig:
787 3185 817 3238 in
829 3184 859 3238 id
873 3184 965 3253 ipsum
978 3184 1101 3254 plurimo

86 3253 200 3322 quidam
218 3255 276 3307 ΑΡ
346 3260 381 3308 20
399 3254 500 3308 maluit
516 3257 613 3310 tenere
632 3255 762 3325 Madoip:
782 3256 881 3309 timere
901 3255 974 3322 MA,
992 3257 1052 3309 tem
1070 3273 1101 3310 re

88 3325 129 3389 P;
142 3326 271 3392 priorum
285 3330 400 3380 conatus
413 3327 445 3380 de
459 3327 516 3380 ioco
528 3327 650 3380 noudum
664 3327 788 3396 expedito
804 3343 827 3380 e.
844 3327 920 3394 opud
933 3325 1035 3393 Kritz„
1045 3342 1102 3395 pro

84 3397 179 3450 tenere
197 3397 255 3464 ipse
273 3397 366 3450 malim
385 3397 487 3451 audere
559 3402 593 3451 23
611 3397 694 3453 Bleso
713 3396 771 3450 ΑΡ
841 3403 875 3452 26
895 3397 926 3450 si
943 3396 983 3451 A:
1003 3396 1040 3452 ed
1055 3397 1100 3466 M,

85 3481 118 3517 ec
139 3466 184 3532 ΡΙ
200 3465 230 3518 in
248 3465 283 3519 iis
302 3509 308 3521 .
328 3467 432 3534 „cuius
451 3469 587 3538 suppleuit
606 3469 725 3537 Mudoip
