2422 3848
154 349 286 411 colonias
306 351 343 409 iis
366 345 537 407 nominibus
565 346 705 428 appellat,
733 347 842 426 quibus
864 349 1048 410 vocabantur
1076 360 1170 413 aetate

155 441 233 518 eius,
256 437 348 498 multo
371 443 440 515 post
462 434 551 496 ilium
574 443 694 514 captum
716 437 861 498 conditae.

125 533 139 581 1
243 523 273 586 4.
310 524 508 585 Athenienses
535 525 567 584 in
589 522 711 585 Euboea
734 524 871 586 Chalcida
899 534 930 587 et
952 524 1100 588 Eretriam
1123 548 1171 588 co·

154 615 230 674 ionis
259 631 456 694 occupavere,
484 612 709 674 Lacedaemonii
736 615 768 673 iu
790 613 859 675 Asia
886 614 1074 694 Magnesiam.
1115 635 1172 677 nec

153 703 247 763 multo
284 710 353 782 post
389 700 598 762 Chalcidenses
635 704 706 782 orti,
746 710 780 763 ut
815 703 1030 786 praediximus,
1066 704 1201 766 Atticiss

154 791 298 871 Hippocle
322 799 352 852 et
374 790 562 870 Megasthene
587 791 713 852 ducibus
737 790 844 852 Cumas
873 791 1011 853 initalia
1034 793 1171 854 condide-

154 887 234 940 runt.
275 879 365 941 huius
393 879 496 940 classis
524 897 646 941 cursum
674 898 740 940 esse
768 879 917 942 directum
946 881 995 941 alii
1018 881 1171 943 columbae

156 969 358 1029 antecedentis
381 966 480 1028 volatu
502 969 617 1050 ferunt,
645 968 694 1030 alii
717 976 865 1030 nocturno
889 972 967 1030 aeris
991 988 1078 1051 sono,
1101 989 1171 1049 qua-

125 1056 192 1116 2111
216 1056 387 1132 Cerealibus
410 1058 503 1117 sacris
517 1058 591 1117 cieri
614 1057 698 1118 solet.
737 1076 806 1136 pars
820 1058 930 1119 horum
944 1061 1053 1120 civium
1066 1077 1171 1137 magno

154 1153 222 1224 post
244 1145 398 1206 intervallo
416 1143 571 1225 Neapolim
594 1145 734 1206 condidit.
777 1166 797 1207 u
798 1148 935 1225 rtiusque
959 1146 1043 1207 urbis
1066 1150 1171 1207 eximia
1189 1165 1211 1202 1·

155 1252 273 1313 semper
296 1237 327 1295 in
348 1233 498 1294 Romanos
521 1234 595 1294 iides
618 1234 689 1295 facit
712 1252 762 1295 eas
785 1234 938 1296 nobilitate
962 1243 1050 1313 atque
1074 1253 1170 1296 amoe-

154 1325 246 1382 nitate
280 1340 333 1383 sua
365 1322 561 1400 dignissimas.
603 1322 655 1410 sed
687 1322 746 1383 illis
777 1323 947 1402 diligentior
974 1326 1052 1384 ritus
1083 1327 1170 1403 patrii

155 1414 263 1471 mansit
300 1419 367 1472 cust
354 1412 447 1492 todia,
484 1399 644 1471 Cumanos
660 1410 736 1472 Osca
772 1414 897 1473 mutavit
925 1415 1041 1474 vicinia.
1092 1415 1172 1474 vires

156 1508 255 1560 autem
268 1507 385 1560 veteres
408 1517 511 1560 earum
533 1499 654 1560 urbium
677 1499 824 1578 hodieque
847 1502 1020 1604 magnitudo
1044 1509 1172 1564 ostentat

124 1590 315 1649 amoeniam.
348 1587 544 1666 subsequenti
567 1594 700 1667 tempore
722 1606 827 1667 magna
850 1591 894 1650 vis
917 1589 1077 1651 Graecae
1069 1610 1170 1652 iuven·
1187 1607 1211 1645 1·

155 1679 228 1737 tutis
251 1676 430 1738 abundantia
452 1679 561 1738 virium
575 1676 662 1737 sedes
682 1679 852 1754 quaeritans
874 1680 906 1737 in
920 1678 1020 1740 Asiam
1043 1698 1074 1739 se
1099 1680 1174 1741 eilu-¹

155 1766 206 1826 dit.
248 1784 316 1826 nam
345 1773 375 1826 et
402 1766 488 1826 lones
515 1764 591 1825 duce
618 1764 691 1824 lone
717 1765 845 1843 proiecti
872 1764 995 1827 Athenis
1024 1767 1170 1828 nobilissi-

155 1871 234 1914 mam
252 1863 368 1932 partem
383 1857 512 1932 regionis
526 1856 690 1914 maritimae
712 1871 909 1936 occupavere,
933 1873 1008 1934 quae
1022 1855 1170 1934 hodieque

156 1941 321 2021 appellatur
344 1941 438 2022 ionia,
461 1941 612 2020 urbesque
636 1944 819 2003 constituere
840 1941 1005 2024 Ephesum,
1028 1945 1171 2024 Miletum,

157 2030 341 2111 Colophona,
362 2031 505 2112 Prienen,
527 2029 681 2092 Lebedum
685 2031 873 2113 „Myuntem
887 2031 1058 2113 Erythram,
1073 2033 1170 2093 Clazo—
1187 2048 1210 2086 1·

156 2137 272 2201 menas,
296 2120 472 2200 Phocaeam,
495 2119 571 2180 mult
558 2124 664 2198 tasque
687 2122 719 2181 iu
733 2122 847 2199 Aegaeo
871 2127 960 2198 atque
974 2120 1069 2180 Icario
1083 2139 1170 2180 occu

155 2226 263 2287 pavere
263 2168 406 2290 *insulan
430 2208 564 2289 Samum,
588 2208 708 2289 Chium,
731 2208 877 2286 Andrum,
901 2207 1030 2287 Tenum,
1053 2206 1171 2287 Parum,

124 2296 261 2357 4Delum
289 2298 418 2377 aliasque
445 2295 599 2375 ignobiles.
641 2304 671 2356 et
693 2313 762 2355 mox
789 2292 883 2354 Aeolii
911 2294 1013 2354 eadem
1044 2296 1171 2375 proiecti

156 2385 279 2444 Graecia
301 2385 541 2464 longissimisque
565 2386 624 2443 acti
648 2381 801 2443 erroribus
824 2400 884 2442 non
907 2384 1006 2443 minus
1029 2384 1170 2445 inlustres

156 2471 351 2533 obtinuerunt
372 2473 455 2532 locos
478 2470 632 2549 clarasque
655 2470 747 2531 urbes
770 2470 983 2552 condiderunt,
1007 2472 1171 2554 Smyrnam,
1186 2489 1211 2528 1

157 2559 281 2643 Cymen,
309 2559 470 2640 Larissam,
497 2559 642 2639 Myrinam
668 2558 887 2639 Mytilenenque
915 2568 946 2621 et
973 2560 1043 2622 alias
1072 2560 1171 2641 urbes,

157 2666 232 2728 quae
256 2651 379 2709 suntin
402 2647 498 2708 Lesbo
521 2647 627 2708 insula.

228 2895 244 2942 3
269 2887 403 2944 chalcida
426 2887 571 2956 (Chalcide
601 2889 706 2958 aliquot
727 2891 849 2959 cntempla
867 2890 930 2944 edit.
951 2889 990 2972 P)
1013 2888 1174 2942 Erethriam

159 2960 194 3028 P,
213 2960 339 3028 copulam
363 2960 475 3014 addidit
493 2959 621 3014 Gelenius
715 2961 847 3015 4111111111
865 2959 1033 3015 achlesiam
1053 2958 1081 3012 P

158 3031 354 3156 (1111θέ111111
375 3031 403 3083 Ρ
489 3030 1173 3100 111111111Ρ,11111111.1131111111

159 3102 196 3153 M
261 3117 370 3155 1111111
400 3100 428 3154 Ρ
527 3108 559 3156 16
581 3101 705 3156 virorum
729 3104 858 3156 Burman
957 3105 991 3153 20
1014 3100 1173 3169 Myuntem,

158 3171 247 3225 Teum
266 3171 300 3226 G
316 3171 427 3226 Voeea'ua
443 3174 447 3240 Ι
463 3171 598 3242 Erythras
616 3173 701 3227 Kritz
786 3178 818 3226 22
837 3170 961 3224 Pharum
981 3171 1009 3222 P
1086 3177 1119 3224 23
1139 3187 1174 3224 ex

157 3242 257 3296 eadem
280 3243 466 3312 1111111111.
490 3248 580 3299 tumen
606 3250 630 3311 2,
651 3250 694 3311 62,
713 3250 729 3297 3
753 3240 873 3312 profecti
894 3240 963 3294 urbe
987 3242 1071 3310 atque
1089 3241 1174 3296 Italia

211 3313 671 3384 21111111Ζ11111111111,1111112,
691 3320 767 3382 6111
849 3318 883 3367 26
902 3311 1087 3382 Mytilenemq
1086 3328 1121 3366 ue
1138 3312 1173 3380 P,

156 3380 367 3453 Mitylenenque
389 3385 509 3455 11111111,
533 3387 568 3454 cf.
593 3392 617 3452 2,
638 3390 680 3454 33,
699 3384 843 3452 21111111
865 3384 978 3439 inclusit
995 3384 1173 3454 praecedente

157 3450 276 3511 Gruttro
295 3456 404 3512 Rubub.
