2422 3848
512 206 534 242 c.
557 193 714 242 reo—129.
1054 182 1118 247 129

101 350 214 411 iudicia
237 354 363 413 civitatis
382 371 452 413 enm
468 354 584 413 indiciis
598 354 742 431 principis
757 359 884 429 certant,
910 368 1006 429 neque
1026 368 1120 410 novus

102 438 154 499 bic
177 456 242 499 mos
265 448 386 501 senatus
408 441 569 520 populique
584 440 709 499 Romani
727 448 773 499 est
791 439 927 518 putandi,
951 439 1029 516 qnod
1045 440 1119 517 opti·

103 544 187 587 mum
219 528 271 608 sit,
304 546 369 600 esse
402 527 628 589 nobilissimum.
678 546 745 587 nam
777 536 806 587 et
835 526 877 586 illi
909 528 1035 606 antiqui,
1068 529 1122 600 qui

103 623 173 676 ante
201 614 312 676 bobum
334 616 481 677 Punicum
509 616 615 677 abhinc
644 634 737 675 annos
766 621 915 675 trecentos
938 613 982 673 Ti.
1007 613 1119 674 Corun-

73 705 237 783 sennium,
268 704 418 764 hominem
446 722 568 785 novum,
601 722 669 764 cum
697 704 762 764 aliis
789 702 927 762 omnibus
957 700 1120 762 honoribus

102 798 169 852 turn
190 793 364 871 pontificatu
388 795 476 853 etiam
496 795 623 853 maximo
647 792 683 851 ad
701 791 863 871 principale
882 790 1015 851 extulere
1039 790 1119 850 lasti·

102 880 199 961 glum,
227 888 258 940 et
285 882 336 958 qui
359 882 492 959 equestri
519 880 584 941 loco
611 887 713 940 natum
738 880 787 959 Sp.
811 879 969 940 Carvilium
999 886 1029 938 et
1051 888 1150 937 mort

102 966 142 1029 lt.
156 967 313 1050 Catonem,
336 987 445 1030 novum
464 971 553 1029 etiam
566 967 697 1029 Tusculo
713 967 797 1027 urbis
816 966 1008 1045 inquilinum,
1027 966 1120 1026 llum-

103 1056 258 1136 miumque
281 1057 441 1118 Achaicum
464 1060 495 1118 in
519 1056 703 1135 consulatue,
731 1073 872 1115 censuras
900 1054 1121 1132 ett1·iumpbos

61 1152 282 1226 ”provexere
312 1152 341 1206 et
369 1148 420 1223 qui
448 1144 478 1206 C.
506 1145 632 1205 Marium
659 1147 775 1222 ignotae
806 1145 929 1221 originis
959 1160 1055 1220 nsque
1085 1141 1152 1201 ada

103 1240 224 1293 sextum
251 1233 438 1294 consulatum
467 1236 531 1293 sine
560 1232 743 1294 dubitatione
767 1232 891 1291 Romani
916 1231 1044 1290 nominis
1071 1230 1120 1289 lra-

102 1318 198 1381 buere
226 1324 406 1403 principem,
438 1329 468 1382 et
496 1324 546 1400 qui
574 1321 611 1381 lt.
639 1320 737 1380 Tullio
764 1328 879 1381 tanturn
910 1318 1056 1398 tribuere,
1089 1325 1123 1378 ut

102 1426 198 1487 paene
222 1410 426 1470 adsentatione
449 1429 502 1470 sua
526 1409 635 1488 quibus
658 1409 745 1469 vellet
772 1410 956 1488 principatus
985 1406 1121 1466 concilia·

104 1503 166 1577 ret,
192 1500 305 1577 quique
334 1498 406 1558 nihil
430 1498 531 1558 Asinio
555 1497 680 1557 Pollioni
708 1506 903 1576 negaverunt,
932 1495 1010 1574 quod
1039 1494 1122 1554 nobi·

64 1582 228 1646 numinis
251 1604 367 1646 summo
392 1604 460 1646 oum
484 1585 593 1647 sudore
612 1585 854 1662 consequendum
874 1584 964 1663 leret,
987 1583 1122 1661 proiecto

103 1671 162 1733 boc
191 1681 363 1755 senserunt,
391 1676 422 1733 in
450 1676 665 1751 cuiuscumque
693 1674 790 1731 animo
818 1675 912 1732 virtus
940 1674 1065 1750 inesset,
1095 1672 1123 1730 ei

94 1759 269 1839 plurimum
296 1780 362 1823 esse
390 1761 590 1823 tribuendum.
636 1761 708 1820 baec
736 1760 878 1819 naturalis
906 1758 1032 1836 exempli
1058 1760 1154 1818 imi-4

103 1850 179 1909 tatio
202 1850 239 1911 ad
263 1850 476 1929 experiendum
494 1849 634 1909 Seianum
653 1847 821 1928 Caesarem,
845 1848 881 1908 ad
904 1847 1029 1908 iuvanda
1053 1865 1122 1906 vero

104 1954 199 1999 onera
220 1940 366 2019 principis
390 1938 530 1998 Seianum
552 1937 684 2017 propulit
707 1945 901 2015 senatumque
926 1944 956 1996 et
979 1934 1123 2014 populum

63 2024 273 2088 ”Romanum
297 2045 333 2087 eo
356 2026 507 2106 perduxit,
535 2033 582 2105 ut,
609 2024 689 2104 quod
713 2045 770 2085 usu
798 2027 944 2104 optimum
969 2023 1123 2104 intellegit,

104 2112 135 2174 id
158 2117 191 2175 in
213 2115 337 2176 tutelam
361 2116 530 2175 securitatis
553 2131 623 2174 suae
647 2113 775 2173 libenter
798 2112 930 2172 advocet.

198 2200 271 2263 129.
318 2202 377 2262 Sed
405 2204 557 2282 proposita
587 2204 671 2279 quasi
700 2204 839 2261 universa
868 2202 1052 2279 principatus
1079 2198 1154 2259 Tit

105 2288 242 2351 Caesaris
267 2290 372 2366 forma
399 2290 515 2369 singtda
542 2307 759 2349 recenseamus.
805 2306 862 2366 qna
890 2287 938 2347 ille
966 2286 1125 2365 prudentia

104 2377 333 2459 Rhascupolim,
364 2381 609 2456 interemptorem
637 2377 738 2437 lratris
771 2379 817 2436 sui
845 2376 896 2435 filii
925 2373 1024 2453 Cotyis
1055 2392 1124 2434 con·

63 2470 91 2513 ²⁶
105 2468 257 2546 sortisque
282 2467 416 2527 eiusdem
439 2468 569 2545 imperii,
592 2465 715 2524 Romam
743 2462 886 2524 evocarit!
928 2462 1070 2541 singulari
1094 2464 1124 2522 in

105 2572 143 2615 eo
173 2557 293 2634 negotio
326 2573 401 2614 usus
433 2572 523 2633 opera
550 2552 647 2613 Flacci
675 2552 830 2631 Pomponii
862 2550 1027 2613 consularis
1060 2552 1126 2631 viri,

103 2645 168 2703 nati
193 2642 365 2723 adomnia,
389 2660 464 2720 quae
488 2650 570 2702 recte
594 2640 727 2701 iacienda
750 2651 833 2721 sunt,
857 2639 1043 2718 simplicique
1068 2641 1131 2699 vir··

178 2818 194 2866 3
219 2811 350 2880 *antiqui
373 2813 438 2865 ante
468 2812 508 2877 P,
533 2810 618 2880 primi
642 2812 706 2864 ante
729 2811 769 2878 A,
797 2809 842 2862 illi
868 2809 1002 2876 Romani,
1029 2809 1077 2876 qui
1101 2826 1123 2864 a.

103 2882 243 2937 Fretum
331 2889 350 2936 4
372 2883 404 2936 T.
424 2881 617 2936 Coruncanum
637 2881 666 2933 P
681 2883 749 2949 (non
768 2881 843 2947 MA)
933 2886 949 2933 5
973 2879 1126 2933 honoribus

103 2953 305 3077 ppntificatum
323 2953 350 3005 A
411 2952 494 3020 'lqui
513 2952 659 3006 Fretutce:
678 2967 748 3019 eque
767 2951 808 3018 A,
827 2966 877 3004 eru.
899 2952 927 3003 P
985 2956 1017 3002 12
1033 2949 1127 3003 Tullio

139 3025 236 3093 paim:
255 3023 357 3077 Fuluio
376 3023 435 3075 AP
495 3028 527 3075 13
547 3021 736 3090 principatum
754 3021 888 3090 Kreysaa'q
903 3023 907 3087 Ι
924 3019 1085 3074 consiliuret
1100 3020 1127 3073 A

180 3100 214 3149 18
232 3093 354 3149 levanda
372 3110 398 3147 v.
418 3107 503 3146 onera
523 3090 650 3157 Gladius,
670 3091 791 3145 iuvanda
810 3110 835 3144 v.
855 3106 940 3159 opera
957 3090 1092 3159 Kreyssip

106 3170 142 3218 19
161 3164 289 3247 propulit
303 3164 463 3217 Acidaliae:
481 3162 601 3230 protulit
614 3161 679 3228 ΑΡ,
697 3160 822 3231 perpulit
841 3159 958 3221 Gladius
1012 3166 1047 3213 20
1065 3177 1128 3230 per·

103 3234 188 3289 dunt
203 3236 241 3289 P:
261 3234 395 3304 produxit
409 3230 473 3286 MA
527 3238 561 3285 23
579 3231 671 3286 forma
689 3234 752 3288 add.
768 3232 919 3285 Rhenanus
973 3237 1008 3285 24
1028 3229 1128 3300 Cotyss

102 3306 147 3375 A,
167 3304 255 3375 Cotys
276 3305 305 3357 P
366 3310 400 3357 25
419 3303 539 3357 Romam
562 3302 691 3355 Ursinus:
710 3303 830 3356 formam
851 3302 951 3367 MAP,
970 3318 1021 3356 em.
1034 3302 1129 3356 Burer

103 3380 139 3430 ut
156 3392 191 3431 cx
208 3392 291 3431 versu
309 3381 343 3428 20
362 3376 415 3427 bue
433 3373 629 3440 traauposr'tum
683 3379 717 3426 26
737 3389 820 3441 opere
834 3374 862 3427 A
918 3379 951 3428 27
970 3374 1033 3439 fort.
1055 3387 1128 3441 quaa

101 3445 239 3501 facienda
257 3447 336 3512 sunt,
355 3446 431 3498 reete
449 3442 579 3496 facienda

160 3546 265 3588 Velleius
279 3543 315 3585 sd.
328 3542 404 3584 Halm.
893 3557 908 3604 9
