2422 3848
56 250 67 257 .
109 192 153 256 30
312 205 316 212 '
604 193 630 246 ΙΙ

109 358 215 418 consul
237 361 326 418 armis
350 359 534 436 compescuit
546 359 741 438 hominesque
765 357 922 420 exitiabilis
944 359 976 418 in
998 357 1130 418 Hostilia

109 449 192 507 curia
216 455 310 507 morte
334 445 475 507 multavit.

80 552 93 598 1
200 533 249 597 13.
286 535 399 597 Deinde
429 539 593 598 interiectis
615 539 719 615 paucis
742 538 826 596 annis
849 535 1033 596 tribunatum
1057 536 1130 596 iniit

108 625 145 686 M.
169 624 270 687 Livius
293 625 422 707 Drusus,
445 628 491 685 vir
514 624 729 707 nobilissimus,
758 625 1032 703 eloquentissimus,
1057 641 1128 683 san-

109 718 272 796 ctissimus,
302 714 424 774 meliore
453 715 484 774 in
507 717 605 773 omnia
627 716 746 793 ingenio
770 715 927 791 animoque
952 730 1039 792 quam
1063 712 1156 771 sor-o

77 813 180 865 2tuna
207 821 289 864 usus.
336 805 387 881 qui
415 821 484 862 oum
511 805 628 863 senatui
654 805 789 882 priscum
816 804 975 862 restituere
999 810 1130 879 cuperet

109 892 200 951 decus
224 899 254 951 et
281 890 389 951 iudicia
412 890 448 951 ab
477 890 626 970 equitibus
649 891 685 951 ad
709 909 779 951 eum
802 891 963 951 transferre
987 889 1128 949 ordinem

109 973 234 1060 (quippe
262 998 327 1039 cam
353 988 532 1059 potestatem
558 983 639 1041 nacti
665 983 781 1059 equites
805 978 984 1039 Gracchanis
1007 977 1128 1057 legibus

109 1087 177 1128 cum
209 1071 240 1128 in
272 1069 381 1129 multos
415 1069 593 1129 clarissimos
631 1077 719 1147 atque
751 1069 1010 1128 innocentissimos
1042 1068 1128 1126 viros

108 1159 284 1238 saevissent,
312 1167 376 1218 tum
399 1157 431 1218 P.
455 1156 613 1238 Rutilium,
639 1160 737 1217 virum
760 1175 820 1216 non
844 1155 954 1216 saeculi
983 1156 1042 1234 sui,
1070 1156 1128 1215 sed
1144 1173 1169 1212 ro

108 1248 203 1305 omnis
241 1248 303 1305 aevi
341 1249 498 1326 optimum,
537 1249 753 1324 interrogatum
788 1244 853 1324 lege
889 1245 1127 1322 repetundarum

108 1336 235 1393 maximo
264 1352 333 1393 cum
360 1335 471 1412 gemitu
500 1335 625 1394 civitatis
653 1329 891 1416 damnaverant),
918 1336 949 1393 in
976 1335 1013 1393 iis
1040 1335 1128 1415 ipsiS,

109 1440 183 1499 quae
207 1439 262 1499 pro
286 1431 391 1482 senatu
414 1421 604 1503 moliebatur,
632 1429 768 1482 senatum
795 1421 898 1482 habuit
921 1422 1126 1482 adversarium

108 1528 168 1568 non
192 1509 425 1590 intellegentem,
450 1513 475 1570 si
498 1529 555 1588 qua
579 1512 615 1571 de
638 1510 733 1589 plebis
756 1511 918 1570 commodis
942 1509 977 1570 ab
997 1529 1032 1569 eo
1055 1528 1125 1589 age·

108 1607 226 1679 rentur,
249 1598 341 1659 veluti
354 1598 530 1659 inescandac
553 1599 788 1678 inliciendaeque
812 1599 1010 1660 multitudinis
1033 1616 1125 1660 causa
1140 1615 1167 1656 rs

76 1687 187 1766 elieri,
211 1694 245 1747 ut
267 1686 433 1748 minoribus
457 1691 606 1767 perceptis
627 1691 737 1748 maiora
760 1690 956 1768 permitteret.
993 1687 1125 1766 denique

108 1794 142 1834 ea
165 1776 283 1836 fortuna
305 1776 394 1835 Drusi
418 1777 487 1856 suit,
510 1785 544 1837 ut
566 1777 719 1837 malefacta
743 1776 922 1855 collegarum
945 1778 1010 1837 eius
1034 1793 1126 1854 quam

108 1867 218 1942 optime
241 1862 277 1923 ab
301 1866 366 1943 ipso
391 1867 517 1943 cogitata
541 1875 661 1925 senatus
684 1865 825 1944 probaret
848 1867 953 1945 magis,
978 1871 1007 1923 et
1029 1863 1125 1923 hono-

107 1970 185 2032 rem,
204 1954 256 2030 qui
278 1950 314 2011 ab
338 1970 373 2011 eo
397 1951 602 2035 deferebatur,
631 1963 799 2035 sperneret,
826 1955 963 2032 iniurias,
987 1970 1062 2031 quae
1085 1952 1125 2013 ab

107 2039 165 2099 illis
188 2038 432 2122 intendebantur,
456 2059 550 2120 aequo
574 2045 671 2102 animo
695 2045 856 2122 reciperet,
879 2050 910 2101 et
932 2040 1022 2101 huius
1042 2059 1124 2101 sum·
1140 2057 1167 2096 oo

107 2146 173 2187 mae
196 2128 306 2206 gloriae
329 2130 488 2210 invideret,
512 2131 631 2191 iDorum
654 2131 830 2193 inmodicam
855 2133 956 2190 ferret.

79 2229 92 2275 1
200 2213 249 2278 14.
286 2216 364 2277 Tum
386 2237 548 2280 conversus
572 2219 661 2280 Drusi
684 2223 813 2301 animus,
839 2218 955 2297 quando
979 2217 1055 2277 bene
1078 2219 1125 2277 iu·

108 2313 193 2384 cepta
223 2307 300 2366 male
328 2307 484 2390 cedebant,
511 2309 548 2369 ad
576 2308 701 2368 dandam
725 2311 872 2369 civitatem
895 2306 1009 2367 ltaliae:
1042 2306 1125 2383 quod

108 2412 176 2454 curn
200 2394 325 2455 moliens
348 2400 551 2458 revertissete
575 2397 654 2478 loro,
677 2400 821 2456 immensa
843 2395 892 2455 illa
911 2402 941 2455 et
964 2394 1125 2475 incondita,

108 2500 183 2560 quac
208 2489 282 2542 eum
300 2502 417 2562 semper
434 2484 642 2565 comitabatur,
666 2486 781 2545 cinctus
804 2484 994 2544 multitudine
1009 2486 1040 2543 in
1055 2501 1125 2543 area
1140 2498 1167 2538 os

109 2570 215 2630 domus
239 2589 309 2631 suae
334 2571 452 2631 cultello
468 2591 650 2656 percussus,
674 2576 725 2652 qui
744 2573 856 2633 adfixus
879 2573 965 2632 lateri
988 2573 1052 2631 eius
1076 2589 1124 2630 re-

77 2659 196 2720 alictus
220 2667 277 2741 est,
300 2662 378 2744 intra
400 2678 510 2738 paucas
532 2661 621 2721 horas
645 2662 780 2723 decessit.
818 2661 869 2721 sod
893 2678 961 2721 cum
984 2660 1124 2720 ultimum

107 2748 247 2807 redderet
271 2750 422 2830 spiritum,
443 2751 563 2810 intuens
587 2752 844 2811 circumstantium
865 2751 1122 2826 moerentiumque

108 2837 320 2915 frequentiam,
342 2838 446 2898 effudit
464 2857 567 2899 vocem
590 2841 899 2900 convenientissimam
922 2839 1123 2897 eonscientiae

181 3050 194 3097 1
220 3042 412 3098 consularibus
436 3043 521 3098 armis
545 3044 695 3098 Acidalins
803 3051 818 3099 2
843 3042 995 3098 exitiabilis
1013 3043 1054 3110 A,
1076 3043 1125 3095 sed

106 3129 126 3166 s.
148 3115 164 3168 l.
184 3114 311 3169 exitiales
389 3121 421 3169 17
441 3115 500 3168 eius
519 3131 604 3183 quem
622 3114 770 3169 Ruhnken:
789 3133 873 3184 quam
892 3114 951 3168 eius
972 3113 1006 3180 P,
1025 3129 1124 3179 quam-

106 3186 149 3240 uis
168 3188 208 3255 A,
231 3187 294 3253 sort.
318 3204 404 3254 quam
426 3186 554 3254 quamvis
573 3187 607 3253 of.
624 3186 685 3240 Vol.
711 3186 890 3252 Mon.8,15
912 3184 1036 3239 Prooom.

107 3263 141 3311 20
159 3257 217 3312 illis
235 3258 385 3312 Ruhnken:
404 3257 467 3310 eliis
486 3257 545 3309 ΑΡ
642 3265 675 3312 21
695 3255 855 3312 *modicam
873 3255 932 3309 AP
1027 3260 1061 3307 22
1080 3253 1123 3306 in-

107 3331 189 3395 cepta
207 3329 247 3384 A:
268 3331 368 3398 coepto
388 3328 426 3395 P3
446 3328 481 3394 cf.
494 3327 621 3385 Doederl.
641 3329 709 3399 Syn.
729 3329 776 3382 lat.
795 3327 843 3394 III,
864 3330 913 3380 159
986 3331 1021 3380 23
1040 3323 1122 3377 oodo-

106 3398 176 3451 bant
192 3399 307 3467 Inpoins
397 3405 432 3453 24
449 3398 595 3468 incognita
613 3400 681 3469 AP,
705 3415 752 3453 em.
771 3399 919 3454 Acidalins
1002 3401 1036 3450 25
1056 3411 1124 3449 aren

102 3470 146 3520 A:
164 3469 238 3522 atrio
257 3469 287 3521 P
303 3475 329 3523 et
345 3486 365 3526 s.
386 3471 404 3523 l.
422 3471 459 3538 A,
478 3470 514 3536 of.
532 3469 644 3541 Knopos.
660 3488 690 3541 p.
710 3468 769 3524 XX.
