2422 3848
473 186 496 224 c.
516 175 639 223 62—65.
1024 168 1065 234 75

49 334 156 395 deinde
180 332 282 415 dubia,
309 334 340 394 id
363 342 409 395 est
432 352 486 395 sua
509 334 579 414 lide,
607 334 659 394 diu
682 351 809 413 quarum
831 344 912 397 esset
934 338 1066 414 partium

50 440 153 483 secum
174 424 304 485 luctatus
328 441 362 483 ac
386 421 442 482 sibi
465 422 585 482 difficile
600 424 804 504 consentiens,
828 431 858 483 et
881 441 960 484 nunc
984 424 1064 484 adiu-

50 519 100 571 tor
125 510 158 571 ll.
182 512 268 573 Bruti
294 512 440 590 designati
467 510 612 592 consulis,
641 511 769 590 collegae
801 513 861 592 sui,
889 514 1064 590 senatuique

50 617 82 659 se
105 599 213 661 litteris
227 601 396 682 venditans,
420 618 489 660 mox
503 599 636 660 eiusdem
659 599 807 680 proditor,
831 599 951 660 Asinius
967 608 1066 660 autem

49 687 143 748 Pollio
170 691 275 749 firmus
301 691 455 769 proposito
487 696 517 749 et
544 687 665 748 Iulianis
693 686 827 767 partibus
855 688 946 769 lidus,
978 687 1065 748 Pom-

50 778 162 855 peianis
186 778 341 858 adversus,
364 785 492 855 uterque
516 778 666 837 exercitus
688 775 837 837 tradidere
861 776 997 837 Antonio.

138 862 189 926 64.
226 864 259 926 Ι).
274 864 386 926 Brutus
400 865 538 926 desertus
552 866 648 944 primo
671 882 688 923 a
703 863 826 945 Planco,
849 873 952 944 postea
976 867 1065 925 etiam
1081 876 1095 924 1

49 953 164 1013 insidiis
179 953 313 1014 eiusdem
336 955 461 1033 petitus,
483 953 624 1032 paulatim
643 952 831 1031 relinquente
847 971 915 1014 etrm
930 956 1065 1014 exercitu

50 1041 167 1118 fugiens
190 1044 222 1102 iu
244 1042 370 1121 hospitis
394 1041 549 1102 cuiusdam
571 1040 679 1101 nobilis
703 1043 771 1122 viri,
801 1043 921 1101 nomine
945 1040 1065 1122 Cameli,

50 1128 136 1189 domo
161 1129 197 1189 ab
220 1132 269 1212 iis,
294 1147 369 1208 quos
392 1132 514 1190 miserat
528 1130 687 1210 Antonius,
710 1129 860 1208 iugulatus
875 1138 921 1189 est
938 1131 1065 1190 iustissi-

50 1235 171 1296 masque
200 1221 310 1298 optime
339 1218 375 1279 de
400 1237 432 1278 se
463 1212 570 1278 merito
593 1219 657 1277 viro
682 1216 712 1278 C.
737 1218 856 1278 Caesari
879 1235 990 1296 poenas
1014 1217 1064 1278 de·

50 1305 104 1385 dit,
132 1308 218 1367 cuius
242 1325 310 1368 cum
338 1309 454 1386 primus
477 1307 610 1366 omnium
638 1308 802 1366 amicorum
825 1306 944 1386 luisset,
972 1308 1094 1367 inter-2

50 1393 151 1454 lector·
167 1396 224 1455 luit
248 1403 279 1456 et
301 1397 452 1475 fortunae,
476 1413 512 1455 ex
535 1412 594 1473 qua
617 1393 749 1455 lrnctum
772 1394 894 1476 tulerat,
924 1395 1063 1455 invidiam

49 1484 79 1542 in
102 1491 255 1544 auctorem
274 1482 423 1563 relegabat
437 1478 637 1561 censebatque
652 1500 794 1564 aequum,
818 1501 893 1561 quae
908 1490 1064 1562 acceperat

50 1588 65 1629 a
92 1569 231 1652 Caesare,
263 1574 407 1653 retinere,
431 1571 601 1650 Caesarem,
634 1573 685 1648 qui
712 1571 761 1630 illa
788 1570 924 1651 dederat,
954 1573 1063 1650 perire.

50 1657 120 1718 haec
145 1667 214 1720 sunt
236 1667 384 1741 tempora,
408 1659 517 1738 quibus
534 1658 570 1719 M.
585 1658 700 1719 Tullius
724 1661 874 1719 continuis
897 1658 1093 1722 actionibus3

50 1754 183 1808 aeternas
206 1747 327 1809 Antonii
354 1751 514 1808 memoriae
537 1749 646 1807 inussit
668 1754 766 1828 notas,
797 1747 849 1807 sed
878 1746 926 1807 bic
949 1746 1063 1826 fulgen·

50 1837 162 1895 tissimo
186 1843 217 1896 et
240 1837 361 1897 caelesti
383 1855 450 1917 ore,
473 1844 502 1896 at
524 1835 665 1896 tribunus
680 1834 843 1896 Cannutius
858 1837 962 1895 canina
981 1833 1062 1894 rabie

50 1923 196 1984 lacerabat
210 1923 380 1985 Antonium.
416 1926 538 2003 utrique
552 1922 682 1984 vindicta
695 1922 841 1984 libertatis
856 1931 952 1984 morte
967 1926 1063 2003 stetit3
1077 1939 1094 1987 4

50 2011 99 2071 sed
128 2011 241 2072 tribuni
269 2015 412 2092 sangnine
442 2015 598 2072 commissa
627 2014 820 2093 proscriptio,
849 2011 1001 2073 Ciceronis
1030 2020 1063 2072 ut
1164 2027 1168 2040 “

50 2102 153 2159 satiato
182 2099 309 2160 Antonio
341 2118 436 2180 paene
468 2101 558 2161 linita.
611 2098 741 2180 Lepidus
773 2099 879 2160 deinde
911 2119 927 2160 a
958 2108 1063 2161 senatu

50 2187 142 2247 hostis
165 2187 313 2249 iudicatus
338 2195 397 2270 est,
420 2197 454 2250 ut
476 2197 544 2249 ante
569 2189 665 2249 luerat
687 2187 842 2250 Antonius.

136 2272 188 2338 65.
234 2276 311 2337 'lum
334 2277 413 2338 inter
436 2295 505 2338 cum
520 2274 786 2356 Caesaremque'et
799 2276 961 2338 Antonium
984 2292 1093 2340 com-1

50 2366 158 2424 mercia
189 2364 384 2444 epistularum
417 2373 447 2426 et
478 2367 687 2427 condicionum
719 2367 795 2426 iacta
832 2367 957 2446 mentio,
994 2382 1063 2426 cum

50 2453 194 2513 Antonius
217 2461 248 2514 et
271 2453 397 2514 subinde
421 2453 577 2515 Caesarem
600 2453 787 2534 admoneret,
815 2471 904 2532 quam
926 2455 1062 2514 inimicae

50 2541 105 2619 ipsi
118 2540 315 2620 Pompeianae
338 2550 439 2622 partes
462 2542 561 2603 lorent
584 2549 614 2602 et
637 2544 668 2601 in
685 2541 765 2620 quod
788 2545 847 2603 iam
870 2544 1063 2603 emersissent

50 2628 198 2707 fastigium
231 2637 262 2690 et
294 2639 404 2708 quanto
435 2629 587 2692 Ciceronis
616 2630 715 2690 studio
743 2630 855 2692 Brutus
883 2630 1061 2711 Cassiusque

50 2716 267 2799 attollerentur,
289 2719 537 2798 denuntiaretque
561 2737 593 2779 se
613 2737 682 2780 cum
699 2718 793 2781 Bruto
812 2718 987 2800 Cassioque,
1011 2722 1062 2798 qui

101 2946 117 2995 ὅ
135 2940 273 3011 propositi
286 2942 434 2997 Acidaliae
488 2943 619 3011 ipostea
637 2943 677 2997 A:
696 2941 801 3012 posiP
830 2908 833 2914 A
853 2949 869 2996 9
888 2942 1018 3013 hospitiis
1033 2942 1061 2995 A

50 3011 53 3082 l
69 3010 183 3066 Camilli
202 3011 319 3067 Uindius
337 3029 370 3066 eac
387 3012 462 3082 App.
482 3014 507 3068 b.
526 3014 576 3068 cic.
596 3019 621 3080 3,
640 3017 674 3068 98
763 3018 798 3066 10
816 3013 915 3067 abhis
933 3012 993 3066 ΑΡ

50 3087 81 3136 12
100 3082 206 3152 primus
220 3081 261 3135 A:
280 3082 378 3152 primis
394 3083 428 3150 P,
448 3083 494 3138 cui
508 3099 571 3138 cum
585 3083 615 3137 in
627 3083 726 3152 primis
740 3083 876 3138 Heinsius
949 3088 980 3137 15
995 3083 1062 3152 quia

50 3152 99 3236 illa
111 3154 170 3206 AP
184 3155 189 3221 1
204 3153 363 3223 peristhaec
376 3153 413 3222 A,
431 3154 513 3235 paris.
533 3153 611 3209 Haec
631 3153 666 3234 13,
684 3153 775 3224 perire
793 3154 838 3207 uel
855 3153 961 3236 perisse
974 3153 1062 3208 Rbeo.

50 3239 182 3348 llnllll·
200 3293 229 3346 Ρ
256 3228 289 3277 ¹⁸
303 3223 1062 3364 ttintitul*tnttltltttttfflffnd

50 3370 81 3419 21
100 3381 190 3434 paene
208 3363 236 3417 A
253 3369 280 3418 et
296 3366 438 3420 Bormam
456 3382 548 3436 poena
563 3364 592 3417 P
648 3371 684 3418 24
701 3364 778 3420 facta
795 3366 889 3421 Borea·
944 3372 978 3422 25
996 3368 1063 3422 Ant.

50 3435 164 3490 subinde
183 3435 212 3492 C.
231 3435 404 3506 admoneret,
424 3439 455 3505 et
471 3453 556 3506 quam
575 3436 692 3506 Bipont.
