2422 3848
161 167 202 229 14
661 166 716 256 1⁴

128 332 265 394 aabhino
293 351 386 392 annos
414 341 513 392 autem
541 339 692 392 trecentos
716 340 746 392 et
769 333 921 412 sexaginta
944 331 993 411 Sp.
1016 330 1170 392 Postumio

157 420 280 482 Veturio
296 420 414 481 Calvino
438 420 610 481 consulibus
626 419 781 500 Campanis
805 422 871 482 data
895 429 940 481 est
955 423 1057 481 civitas
1079 423 1170 500 parti-

103 589 105 592 ,
158 529 215 588 qne
240 510 417 571 Samnitium
445 511 509 570 sine
538 511 690 590 suffragio,
720 519 750 571 et
778 511 883 571 ecdem
912 528 989 569 anno
1013 509 1097 570 Cales
1121 510 1169 569 de-

157 598 245 659 ducta
268 598 390 660 colonia.
424 600 582 659 interiecto
606 599 711 676 deinde
735 601 864 659 triennio
888 598 1023 659 Fundani
1046 607 1076 659 et
1098 599 1169 658 For-

156 689 246 749 miani
269 689 300 746 in
323 689 472 748 civitatem
495 690 621 768 recepti,
652 706 687 748 eo
711 691 775 768 ipso
799 706 890 769 anno,
914 706 972 766 quo
996 687 1201 747 Alexandrus

125 776 274 837 acondita
298 785 352 837 est.
388 776 674 855 insequentibusque
703 776 875 837 oonsulibus
904 795 919 835 a
943 775 992 855 Sp.
1016 776 1170 837 Postumio

155 863 280 925 Philone
303 864 430 926 Publilio
454 865 629 925 censoribus
643 865 801 926 Acerranis
818 866 884 926 data
901 868 1011 925 civitas,
1050 873 1079 925 et
1102 872 1170 943 post

156 955 319 1014 triennium
342 954 501 1013 Tarracina
525 954 651 1015 deducta
681 954 797 1014 colonia
829 955 1065 1032 interpositoque
1099 972 1169 1031 qua·

156 1041 292 1102 (hiennio
315 1041 441 1102 Luceria
464 1061 497 1102 ao
521 1042 628 1103 deinde
651 1044 809 1103 interiecto
832 1044 961 1103 triennio
986 1041 1095 1102 Suessa
1112 1044 1168 1101 Au-

125 1142 249 1191 trunca
276 1139 306 1191 et
334 1130 475 1211 Saticula,
507 1130 735 1209 Interamnaque
768 1139 836 1210 post
863 1131 1023 1191 biennium.
1066 1131 1169 1190 decem
1184 1145 1207 1184 10

155 1217 261 1279 deinde
294 1218 350 1279 hoc
383 1236 507 1279 munere
541 1223 609 1280 anni
642 1228 832 1280 vacaverunt:
873 1227 945 1279 tunc
974 1218 1047 1278 Sora
1080 1228 1168 1297 atque

124 1307 227 1367 6Alba
260 1308 403 1368 deductae
438 1308 570 1368 coloniae
603 1317 633 1369 et
666 1307 796 1369 Carseoli
828 1316 896 1386 post
927 1306 1088 1367 biennium.
1140 1316 1169 1367 at

155 1394 188 1465 Q.
212 1394 302 1456 Fabio
332 1398 468 1474 quintum
496 1396 585 1457 Decio
613 1397 698 1458 Mure
727 1405 865 1475 quartum
893 1395 1078 1476 consulibus,
1109 1414 1168 1474 quo

154 1501 231 1542 anno
263 1483 396 1564 Pyrrhus
429 1503 555 1564 regnare
592 1488 702 1566 coepit,
740 1484 911 1545 Sinuessam
942 1484 1167 1562 Minturnasque

153 1574 237 1632 missi
265 1573 374 1653 coloni,
401 1582 470 1653 post
499 1574 726 1652 quadriennium
749 1572 920 1653 Venusiam,
950 1575 1167 1650 interiectaque
1183 1587 1207 1625 15

154 1659 274 1721 biennio
301 1661 347 1721 Μ’.
372 1661 461 1722 Curio
490 1670 520 1722 et
546 1661 653 1723 Rufino
682 1661 820 1723 Cornelio
850 1661 1023 1722 consulibus
1051 1660 1168 1720 Sabinis

153 1750 217 1809 sine
247 1751 386 1829 suffragio
415 1752 482 1811 data
509 1753 625 1812 civitas:
665 1751 695 1810 id
729 1758 827 1811 actum
859 1758 926 1810 aute
954 1768 1046 1810 annos
1074 1751 1167 1809 ferme

123 1845 304 1898 atrocentos
329 1847 358 1899 et
380 1841 492 1918 viginti.
539 1848 568 1901 at
592 1839 697 1900 Cosam
721 1846 751 1899 et
773 1839 912 1899 Paestum
940 1838 1047 1898 abhinc
1075 1855 1168 1897 annos

153 1927 246 1986 ferme
270 1935 422 1988 trecentos
445 1926 535 1987 Fabio
559 1928 692 1989 Dorsone
717 1935 747 1987 et
770 1927 890 1988 Claudio
906 1927 1017 1988 Canina
1039 1925 1166 1986 consuli-

152 2013 221 2094 bus,
245 2017 462 2094 interiectoque
486 2018 689 2095 quinquennio
714 2015 889 2096 Sempronio
905 2015 1004 2095 Sopho
1029 2022 1058 2074 et
1072 2017 1165 2093 Appio
1180 2029 1207 2069 20

153 2100 239 2163 Caeci
275 2103 335 2162 filio
368 2104 540 2165 consulibus
573 2105 740 2165 Ariminum
772 2113 802 2165 et
833 2104 1037 2165 Beneventum
1069 2103 1166 2162 coloni

120 2193 234 2251 amissi
267 2198 297 2251 et
328 2194 461 2272 sutiragii
493 2194 608 2254 ferendi
640 2196 687 2253 ius
720 2193 836 2253 Sabinis
869 2193 977 2252 datum.
1025 2199 1053 2250 at
1081 2193 1165 2251 initio

150 2280 240 2356 primi
266 2279 336 2340 belli
365 2281 471 2342 Punici
494 2281 628 2342 Firmum
656 2292 685 2341 et
709 2280 846 2341 Castrum
875 2280 987 2339 colonis
1015 2287 1165 2360 occupata,

151 2376 180 2427 et
208 2376 275 2446 post
303 2387 413 2430 annum
435 2370 577 2430 Aesernia
604 2378 730 2448 postque
755 2376 869 2447 septem
893 2375 923 2428 et
946 2369 1048 2428 decem
1072 2386 1164 2427 annos

150 2456 288 2516 Aesnlum
316 2467 346 2518 et
368 2458 480 2519 Alsium
508 2456 719 2536 Fregenaeque
747 2463 815 2535 post
841 2455 994 2516 biennium
1017 2458 1164 2534 proximo·
1179 2473 1206 2512 aa

223 2668 237 2715 1
257 2683 337 2717 ccccx
356 2664 493 2718 Laurens:
512 2683 575 2718 cccc
593 2662 652 2716 ΑΡ
731 2668 748 2715 4
766 2661 913 2716 interiecta
931 2663 959 2714 A
1036 2671 1051 2718 7
1071 2663 1164 2717 Publi-

149 2731 188 2785 lio
207 2732 314 2789 Duker:
333 2735 434 2789 Publio
452 2734 511 2788 AP
608 2737 624 2785 8
644 2733 826 2787 Tarracinam
844 2733 908 2798 AP,
928 2749 975 2786 em.
994 2733 1109 2801 Isipsias

151 2808 183 2854 12
203 2806 233 2856 ab
247 2804 279 2870 Q.
296 2805 383 2860 Fabio
402 2805 532 2872 quintum
546 2803 698 2858 Rhenanus
716 2805 748 2858 io
766 2821 852 2872 marp.
872 2803 908 2856 ad
921 2804 1050 2870 quintum
1063 2804 1164 2858 Fabio—

149 2891 202 2940 que
222 2874 298 2944 ΑΡΙ
314 2877 414 2943 quarto
433 2876 497 2943 AP,
516 2890 563 2929 em.
585 2873 675 2930 Gelon.
736 2880 770 2927 14
789 2875 891 2943 Pyrrus
909 2875 945 2941 A,
964 2875 1011 2928 sed
1028 2876 1060 2927 ia
1077 2892 1164 2943 marp.

149 2944 271 3013 Pyrrhus
288 2946 292 3015 l
308 2946 403 3015 eoepit
419 2946 450 2998 in
469 2945 599 2999 Suessam
617 2947 645 2997 A
735 2951 769 2999 16
788 2945 824 2999 M.
844 2945 902 2998 ΑΡ
916 2947 920 3012 Ι
936 2944 1042 2998 Rusino
1061 2945 1089 2996 A

151 3020 183 3067 18
207 3036 290 3070 cccxx
314 3016 390 3070 MA:
419 3035 520 3070 cccxxx
547 3016 575 3068 P
598 3016 725 3084 ‘Erana
745 3021 881 3070 uetustam
899 3016 990 3081 babet,
1016 3013 1046 3066 id
1069 3015 1163 3066 actum

149 3088 214 3140 ante
233 3103 321 3141 annos
341 3087 451 3140 ,cccxx.’
472 3086 622 3154 Burerios,
641 3088 690 3155 qut
707 3085 795 3140 ferme
814 3102 904 3141 errore
923 3086 1043 3139 omisisse
1056 3085 1164 3137 violetur

151 3156 243 3225 lCosa
267 3157 343 3224 MA,
366 3156 452 3210 Cossa
476 3158 504 3211 P
601 3163 635 3211 20
657 3157 832 3224 interiectoq.
857 3156 988 3224 Madoip:
1016 3154 1163 3209 interiecto

148 3227 206 3280 ΑΡ
303 3233 337 3280 21
362 3229 391 3280 cb
409 3229 483 3296 (attle
500 3227 578 3296 ΒΘΗ.)
598 3229 661 3283 add.
682 3229 753 3282 Iane·
854 3233 888 3280 24
907 3245 964 3280 xvu
983 3225 1085 3281 Aldus:
1104 3247 1162 3279 111111

147 3296 206 3350 AP
303 3303 337 3352 25
364 3298 496 3353 Aefulum
519 3299 650 3354 Haebner
676 3300 718 3367 (ln
740 3297 861 3352 Hermae
883 3298 904 3366 I,
923 3297 999 3366 4²5l²
1027 3297 1162 3352 Aesulum

148 3367 212 3491 APt
225 3367 449 3491 {AFIqegellaeque
472 3370 541 3440 AP,
570 3387 616 3425 eno.
646 3370 777 3438 Stpcaias
800 3368 804 3440 Ι
826 3369 893 3438 post
919 3366 1059 3424 Gelenius:
1089 3385 1162 3422 anno

147 3453 198 3506 pos
