2422 3848
519 176 542 213 e.
562 165 683 215 28-30.
1066 158 1110 224 45

98 345 156 404 qua
182 325 237 386 llos
265 326 489 388 commendatur
516 329 634 409 aetatis,
667 327 718 388 sed
747 345 781 387 ea
808 327 950 406 dignitate
973 333 1109 388 constan-

98 417 210 494 tiaque,
231 433 310 491 quae
327 417 359 474 in
377 415 456 476 illam
471 418 651 476 conveniens
666 415 890 496 amplitudinem
902 414 1111 494 fortunamque

98 522 167 564 eum
190 504 226 564 ad
248 504 386 565 ultimum
408 506 486 565 vitae
510 507 648 565 comitata
670 513 717 565 est
739 505 831 586 diem,
858 505 1029 564 innocentia
1052 506 1143 563 exi-3

98 594 190 673 mins,
212 595 368 654 sanctitate
391 595 583 675 praecipuus,
611 593 781 673 eloquentia
803 593 932 672 medius,
954 593 1113 672 potentiae,

73 692 174 759 oquae
197 680 320 742 honoris
343 699 432 768 causa
450 682 486 741 ad
506 701 574 744 eum
593 681 771 764 deferretur,
794 700 854 741 non
873 683 901 740 vi
919 680 956 742 ab
976 698 1011 740 eo
1026 697 1113 741 oceu-

98 777 233 850 paretnr,
257 770 483 852 cupidissimus,
505 770 564 831 dux
578 770 656 831 bello
669 773 882 852 peritissimus,
902 771 975 830 civis
993 771 1024 829 in
1038 776 1114 851 toga,

98 859 157 917 nisi
179 856 232 918 orbi
249 862 406 920 vereretur
424 877 461 919 ne
485 877 574 937 quem
593 859 717 920 haberet
729 878 845 941 parem,
869 859 1114 937 modestissimus,

98 947 297 1006 'amicitiarum
319 955 421 1027 tenax,
444 949 476 1007 in
499 947 620 1008 offensis
643 946 815 1028 exorabilis,
841 950 874 1007 in
897 945 1115 1008 reconcilianda

100 1036 193 1112 gratia
220 1033 424 1112 fidelissimus
455 1038 487 1096 in
519 1036 690 1115 accipienda
721 1036 922 1096 satisfactione
949 1034 1114 1114 facillimus,

61 1136 87 1174 10
101 1125 233 1200 potentia
252 1140 306 1182 sua
323 1141 485 1202 numquam
504 1133 556 1185 aut
570 1142 638 1184 raro
653 1124 689 1185 ad
704 1127 907 1204 impotentiam
921 1141 1003 1203 usus,
1021 1140 1115 1202 paene
1130 1133 1148 1183 4

100 1213 233 1271 omnium
256 1213 396 1272 vitiorum
419 1231 540 1294 expers,
570 1215 628 1273 nisi
651 1221 860 1275 numeraretur
887 1214 968 1273 inter
991 1213 1117 1272 maxima

99 1301 130 1359 in
155 1301 271 1360 civitate
295 1299 388 1360 libera
407 1301 583 1381 dominaque
598 1305 733 1381 gentium
746 1301 906 1382 indignari,
930 1318 998 1361 cum
1013 1317 1116 1361 onmes

101 1390 180 1448 cives
207 1391 273 1450 iure
300 1389 424 1450 haberet
451 1408 552 1472 pares,
583 1409 761 1470 quemquam
791 1389 944 1469 aequalem
974 1388 1116 1468 dignitate

102 1479 284 1556 conspicere.
325 1478 374 1538 hic
397 1497 414 1538 a
437 1487 505 1558 toga
527 1479 606 1540 virili
628 1478 770 1540 adsuetus
793 1478 965 1539 commilitio
987 1478 1148 1557 prudent

62 1576 89 1617 15
103 1566 209 1635 tissimi
232 1566 330 1648 ducis,
353 1570 485 1646 parentis
509 1571 569 1648 sui,
593 1567 706 1629 bonum
725 1577 754 1629 et
778 1585 869 1646 capax
887 1574 970 1627 recta
984 1566 1118 1627 discendi

101 1654 254 1732 ingenium
277 1655 420 1734 singulari
443 1675 545 1718 rerum
568 1656 740 1717 militarium
758 1654 916 1734 prudentia
939 1655 1117 1733 excoluerat,

102 1749 135 1801 ut
159 1761 174 1801 a
198 1742 332 1804 Sertorio
355 1742 492 1805 Metellus
515 1744 686 1807 laudaretur
710 1746 815 1823 magis,
845 1744 1004 1822 Pompeius
1031 1745 1116 1804 time-

101 1838 186 1890 retur
209 1831 340 1892 validius
364 1831 414 1873 *²¹²

191 1917 243 1980 30.
291 1920 368 1981 Tum
399 1921 436 1980 M.
468 1922 625 2001 Perpenna
659 1923 842 2002 praetorius,
880 1940 896 1980 e
932 1921 1147 2001 proscriptis,1

62 2022 88 2060 20
102 2009 200 2085 gentis
219 2007 353 2068 clarioris
377 2028 466 2088 quam
489 2013 592 2092 animi,
616 2011 783 2072 Sertorium
805 2013 884 2072 inter
903 2027 1006 2070 cenam
1023 2008 1117 2070 Oscae

102 2093 254 2156 interemit
275 2096 475 2177 Romanisque
500 2107 611 2159 certam
634 2102 801 2179 victoriam,
823 2097 960 2179 partibus
982 2100 1044 2158 suis
1068 2116 1116 2158 ex·

103 2183 226 2265 cidium,
254 2184 310 2246 sibi
333 2188 537 2266 turpissimam
559 2196 685 2249 mortem
709 2189 838 2266 pessimo
862 2189 1025 2248 auctoravit
1047 2187 1117 2247 laci·

103 2290 184 2334 nore.
218 2272 353 2334 Metellus
378 2283 408 2336 et
430 2275 590 2355 Pompeius
613 2295 649 2337 ex
672 2275 822 2355 Hispaniis
845 2275 1148 2354 triumphaverunt32

103 2360 155 2421 sed
178 2361 352 2444 PompeiuS,
379 2363 436 2425 hoc
461 2383 579 2444 quoque
603 2364 753 2444 triumpho
778 2363 874 2424 adhuc
897 2382 990 2443 eques
1012 2362 1117 2422 Roma—

64 2462 89 2502 25
104 2467 173 2530 nuS,
197 2459 264 2511 ante
288 2451 366 2512 diem
390 2471 480 2531 qnam
498 2454 684 2515 consulatum
703 2456 806 2534 iniret,
830 2471 922 2514 curru
945 2451 1052 2525 urbem
1073 2453 1117 2511 in·

176 2661 189 2707 1
214 2657 264 2710 sed
282 2674 316 2712 ea
334 2659 474 2713 Burman:
499 2659 548 2712 sed
571 2676 606 2713 ex
624 2660 700 2729 APl
721 2659 959 2728 conscientiaque,
985 2659 1031 2712 oui
1054 2659 1118 2712 add.

103 2742 124 2778 s.
144 2727 160 2779 l.
181 2729 393 2797 constantiaque
412 2730 440 2782 A
510 2736 618 2798 aquae
637 2733 700 2784 add.
720 2731 810 2784 Aldus
876 2737 891 2783 3
912 2747 976 2784 cum
990 2730 1118 2797 Lipsius:

105 2796 164 2849 eius
182 2798 259 2866 AP1
275 2799 407 2852 ultimum
426 2801 504 2854 MA:
523 2801 653 2855 ultimam
673 2801 701 2853 P
758 2800 823 2855 oui
838 2801 1003 2854 Mommsen:
1022 2798 1120 2853 utAP

105 2874 121 2921 6
139 2867 209 2921 belli
222 2868 299 2936 Lo'ps.
356 2877 441 2925 ‘tneo
460 2887 544 2939 quem
563 2872 590 2925 A
645 2879 677 2926 11
697 2889 721 2926 o.
737 2873 869 2926 uotorum
883 2872 948 2938 ΑΡ,
967 2888 1015 2924 ern.
1028 2870 1121 2922 Aldus

177 2945 209 2991 12
229 2938 259 2992 in
278 2940 391 2994 civitate
411 2942 460 2997 M:
483 2943 512 2996 in
532 2943 677 2997 civitatem
694 2944 735 3011 A,
758 2945 804 2997 sed
825 2942 856 2996 in
873 2948 898 2996 et
916 2961 945 2995 m
961 2944 1120 3009 pennatae,

107 3008 223 3064 ciuitate
243 3010 271 3063 P
342 3017 376 3064 14
394 3012 441 3066 hic
460 3030 477 3067 a
497 3014 544 3067 M:
562 3013 643 3068 hicce
661 3014 719 3067 AP
734 3016 738 3081 Ι
755 3013 919 3081 adsumptus
937 3011 1048 3066 Rutenis.

107 3086 139 3134 16
157 3080 322 3148 prudentiae
346 3082 482 3138 celeriora
499 3087 529 3138 et
546 3102 563 3138 a
582 3085 650 3150 AP,
674 3103 721 3138 eon.
744 3084 855 3138 Rutulo.
880 3083 1039 3150 (Borero'usz
1063 3086 1120 3136 ead.

105 3155 158 3202 net.
181 3153 221 3205 sic
243 3153 335 3218 huon,
358 3159 390 3206 nt
407 3156 505 3222 potius
528 3157 575 3224 lep.
599 3158 730 3210 uideatur
752 3153 903 3224 puudentia
927 3152 1057 3220 celerior,
1080 3152 1122 3207 ita

105 3221 139 3272 ut
156 3223 183 3288 a)
239 3228 272 3277 17
290 3223 406 3278 timetur
420 3222 531 3280 ualidus
545 3227 586 3296 A3
604 3228 714 3296 siquam
732 3227 848 3280 lucanae
861 3225 997 3278 indicavit
1010 3223 1121 3277 Kranae

179 3296 211 3344 19
230 3293 371 3362 Perperna
389 3295 499 3350 Rutenis.
573 3303 607 3352 20
627 3313 744 3352 coenam
761 3296 819 3349 ΑΡ
834 3298 838 3363 Ι
854 3295 974 3348 Etoscae
988 3294 1052 3364 ΑΡ,
1071 3311 1120 3351 ern.

107 3362 251 3416 Puteolanas
273 3370 298 3417 et
319 3367 411 3421 Aldus
492 3373 525 3421 21
545 3368 742 3436 Romanosque
764 3366 792 3420 A
876 3372 910 3419 23
937 3368 965 3420 et
987 3382 1037 3422 om.
1060 3365 1089 3419 A
1114 3365 1117 3436 l

107 3432 251 3503 Hispaniis
271 3435 346 3490 MA:
365 3437 498 3507 Hispanis
518 3439 546 3492 P
