<?xml version="1.0" encoding="UTF-8"?>
<!DOCTYPE html PUBLIC "-//W3C//DTD XHTML 1.0 Transitional//EN"
    "http://www.w3.org/TR/xhtml1/DTD/xhtml1-transitional.dtd">
<html xmlns="http://www.w3.org/1999/xhtml" xml:lang="en" lang="en">
 <head>
  <title>
</title>
<meta http-equiv="Content-Type" content="text/html;charset=utf-8" />
  <meta name='ocr-system' content='tesseract 3.04.00' />
  <meta name='ocr-capabilities' content='ocr_page ocr_carea ocr_par ocr_line ocrx_word'/>
</head>
<body>
  <div class='ocr_page' id='page_1' title='image "./exhistoriaeroma00pategoog/exhistoriaeroma00pategoog_0058.png"; bbox 0 0 2422 3848; ppageno 0'>
   <div class='ocr_carea' id='block_1_1' title="bbox 491 174 1080 236">
    <p class='ocr_par' dir='ltr' id='par_1_1' title="bbox 491 174 1080 236">
     <span class='ocr_line' id='line_1_1' title="bbox 491 174 1080 236; baseline -0.002 -10"><span class='ocrx_word' id='word_1_1' title='bbox 491 189 514 230; x_wconf 87' lang='lat' dir='ltr'>c.</span> <span class='ocrx_word' id='word_1_2' title='bbox 534 177 656 228; x_wconf 81' lang='grc'>30-32.</span> <span class='ocrx_word' id='word_1_3' title='bbox 1037 174 1080 236; x_wconf 77' lang='grc'>47</span> 
     </span>
    </p>
   </div>
   <div class='ocr_carea' id='block_1_2' title="bbox 21 340 1176 2722">
    <p class='ocr_par' dir='ltr' id='par_1_2' title="bbox 24 340 1112 1214">
     <span class='ocr_line' id='line_1_2' title="bbox 68 340 1111 420; baseline 0.006 -24"><span class='ocrx_word' id='word_1_4' title='bbox 68 340 189 398; x_wconf 91' lang='lat' dir='ltr'>amari.</span> <span class='ocrx_word' id='word_1_5' title='bbox 235 357 294 417; x_wconf 91' lang='lat' dir='ltr'>quo</span> <span class='ocrx_word' id='word_1_6' title='bbox 318 340 393 398; x_wconf 89' lang='lat' dir='ltr'>scito</span> <span class='ocrx_word' id='word_1_7' title='bbox 416 357 510 418; x_wconf 92' lang='lat' dir='ltr'>paene</span> <span class='ocrx_word' id='word_1_8' title='bbox 533 340 625 400; x_wconf 89' lang='lat' dir='ltr'>totius</span> <span class='ocrx_word' id='word_1_9' title='bbox 648 347 796 400; x_wconf 89' lang='lat' dir='ltr'>terrarum</span> <span class='ocrx_word' id='word_1_10' title='bbox 819 340 900 400; x_wconf 91' lang='lat' dir='ltr'>orbis</span> <span class='ocrx_word' id='word_1_11' title='bbox 923 343 1111 420; x_wconf 76' lang='lat' dir='ltr'>importuna</span> 
     </span>
     <span class='ocr_line' id='line_1_3' title="bbox 66 426 1081 508; baseline 0.005 -22"><span class='ocrx_word' id='word_1_12' title='bbox 66 429 119 487; x_wconf 78' lang='lat' dir='ltr'>tini</span> <span class='ocrx_word' id='word_1_13' title='bbox 141 427 204 486; x_wconf 85' lang='lat' dir='ltr'>viro</span> <span class='ocrx_word' id='word_1_14' title='bbox 224 426 427 507; x_wconf 70' lang='lat' dir='ltr'>deferebatur,</span> <span class='ocrx_word' id='word_1_15' title='bbox 451 427 502 493; x_wconf 89' lang='lat' dir='ltr'>sed</span> <span class='ocrx_word' id='word_1_16' title='bbox 522 435 621 488; x_wconf 88' lang='lat' dir='ltr'>tamen</span> <span class='ocrx_word' id='word_1_17' title='bbox 640 427 718 488; x_wconf 91' lang='lat' dir='ltr'>idem</span> <span class='ocrx_word' id='word_1_18' title='bbox 738 428 795 488; x_wconf 87' lang='lat' dir='ltr'>boc</span> <span class='ocrx_word' id='word_1_19' title='bbox 810 437 876 489; x_wconf 91' lang='lat' dir='ltr'>ante</span> <span class='ocrx_word' id='word_1_20' title='bbox 892 433 1081 508; x_wconf 85' lang='lat' dir='ltr'>septennium</span> 
     </span>
     <span class='ocr_line' id='line_1_4' title="bbox 65 515 1112 598; baseline 0.004 -23"><span class='ocrx_word' id='word_1_21' title='bbox 65 518 96 575; x_wconf 94' lang='lat' dir='ltr'>in</span> <span class='ocrx_word' id='word_1_22' title='bbox 120 515 156 576; x_wconf 90' lang='lat' dir='ltr'>M.</span> <span class='ocrx_word' id='word_1_23' title='bbox 176 515 296 576; x_wconf 76' lang='lat' dir='ltr'><strong>Antonii</strong></span> <span class='ocrx_word' id='word_1_24' title='bbox 318 526 458 595; x_wconf 87' lang='lat' dir='ltr'>praetura</span> <span class='ocrx_word' id='word_1_25' title='bbox 482 516 637 577; x_wconf 87' lang='lat' dir='ltr'>decretum</span> <span class='ocrx_word' id='word_1_26' title='bbox 660 524 732 577; x_wconf 91' lang='lat' dir='ltr'>erat.</span> <span class='ocrx_word' id='word_1_27' title='bbox 765 516 815 576; x_wconf 92' lang='lat' dir='ltr'>sed</span> <span class='ocrx_word' id='word_1_28' title='bbox 840 517 991 578; x_wconf 89' lang='lat' dir='ltr'>interdum</span> <span class='ocrx_word' id='word_1_29' title='bbox 1011 531 1112 598; x_wconf 84' lang='lat' dir='ltr'>per-4</span> 
     </span>
     <span class='ocr_line' id='line_1_5' title="bbox 66 605 1080 687; baseline 0.005 -25"><span class='ocrx_word' id='word_1_30' title='bbox 66 621 138 663; x_wconf 92' lang='lat' dir='ltr'>sona</span> <span class='ocrx_word' id='word_1_31' title='bbox 161 612 196 664; x_wconf 90' lang='lat' dir='ltr'>ut</span> <span class='ocrx_word' id='word_1_32' title='bbox 218 605 353 683; x_wconf 80' lang='lat' dir='ltr'>exemplo</span> <span class='ocrx_word' id='word_1_33' title='bbox 376 613 477 687; x_wconf 88' lang='lat' dir='ltr'>nocet,</span> <span class='ocrx_word' id='word_1_34' title='bbox 509 607 549 665; x_wconf 90' lang='lat' dir='ltr'>ita</span> <span class='ocrx_word' id='word_1_35' title='bbox 577 605 716 666; x_wconf 88' lang='lat' dir='ltr'>invidiam</span> <span class='ocrx_word' id='word_1_36' title='bbox 739 614 833 685; x_wconf 82' lang='lat' dir='ltr'>auget</span> <span class='ocrx_word' id='word_1_37' title='bbox 856 614 908 666; x_wconf 90' lang='lat' dir='ltr'>aut</span> <span class='ocrx_word' id='word_1_38' title='bbox 929 606 1017 667; x_wconf 91' lang='lat' dir='ltr'>levat:</span> <span class='ocrx_word' id='word_1_39' title='bbox 1049 610 1080 667; x_wconf 94' lang='lat' dir='ltr'>in</span> 
     </span>
     <span class='ocr_line' id='line_1_6' title="bbox 39 692 1080 776; baseline 0.004 -25"><span class='ocrx_word' id='word_1_40' title='bbox 39 692 193 753; x_wconf 70' lang='lat' dir='ltr'>suncanto</span> <span class='ocrx_word' id='word_1_41' title='bbox 216 694 351 754; x_wconf 91' lang='lat' dir='ltr'>homines</span> <span class='ocrx_word' id='word_1_42' title='bbox 375 712 469 772; x_wconf 85' lang='lat' dir='ltr'>aequo</span> <span class='ocrx_word' id='word_1_43' title='bbox 493 697 590 754; x_wconf 90' lang='lat' dir='ltr'>animo</span> <span class='ocrx_word' id='word_1_44' title='bbox 613 698 693 773; x_wconf 90' lang='lat' dir='ltr'>passi</span> <span class='ocrx_word' id='word_1_45' title='bbox 716 703 814 776; x_wconf 68' lang='lat' dir='ltr'>erant,</span> <span class='ocrx_word' id='word_1_46' title='bbox 842 713 910 754; x_wconf 88' lang='lat' dir='ltr'>raro</span> <span class='ocrx_word' id='word_1_47' title='bbox 934 698 1013 755; x_wconf 92' lang='lat' dir='ltr'>enim</span> <span class='ocrx_word' id='word_1_48' title='bbox 1036 698 1080 755; x_wconf 93' lang='lat' dir='ltr'>in·</span> 
     </span>
     <span class='ocr_line' id='line_1_7' title="bbox 64 780 1080 862; baseline 0.005 -23"><span class='ocrx_word' id='word_1_49' title='bbox 64 780 182 841; x_wconf 89' lang='lat' dir='ltr'>videtur</span> <span class='ocrx_word' id='word_1_50' title='bbox 206 800 310 842; x_wconf 90' lang='lat' dir='ltr'>eorum</span> <span class='ocrx_word' id='word_1_51' title='bbox 332 782 510 862; x_wconf 83' lang='lat' dir='ltr'>honoribus,</span> <span class='ocrx_word' id='word_1_52' title='bbox 534 801 662 860; x_wconf 90' lang='lat' dir='ltr'>quorum</span> <span class='ocrx_word' id='word_1_53' title='bbox 681 786 724 844; x_wconf 90' lang='lat' dir='ltr'>vis</span> <span class='ocrx_word' id='word_1_54' title='bbox 744 802 803 843; x_wconf 92' lang='lat' dir='ltr'>non</span> <span class='ocrx_word' id='word_1_55' title='bbox 817 787 953 845; x_wconf 89' lang='lat' dir='ltr'>timetur:</span> <span class='ocrx_word' id='word_1_56' title='bbox 977 792 1080 845; x_wconf 91' lang='lat' dir='ltr'>contra</span> 
     </span>
     <span class='ocr_line' id='line_1_8' title="bbox 64 869 1079 952; baseline 0.003 -23"><span class='ocrx_word' id='word_1_57' title='bbox 64 872 155 929; x_wconf 91' lang='lat' dir='ltr'>iniis</span> <span class='ocrx_word' id='word_1_58' title='bbox 179 869 313 930; x_wconf 89' lang='lat' dir='ltr'>homines</span> <span class='ocrx_word' id='word_1_59' title='bbox 337 871 570 930; x_wconf 85' lang='lat' dir='ltr'>extraordinaria</span> <span class='ocrx_word' id='word_1_60' title='bbox 592 871 799 952; x_wconf 75' lang='lat' dir='ltr'>reformidant,</span> <span class='ocrx_word' id='word_1_61' title='bbox 823 875 875 951; x_wconf 91' lang='lat' dir='ltr'>qui</span> <span class='ocrx_word' id='word_1_62' title='bbox 898 891 932 932; x_wconf 90' lang='lat' dir='ltr'>ea</span> <span class='ocrx_word' id='word_1_63' title='bbox 955 891 1010 932; x_wconf 89' lang='lat' dir='ltr'>suo</span> <span class='ocrx_word' id='word_1_64' title='bbox 1034 891 1079 932; x_wconf 92' lang='lat' dir='ltr'>ar·</span> 
     </span>
     <span class='ocr_line' id='line_1_9' title="bbox 64 958 1078 1037; baseline 0.005 -21"><span class='ocrx_word' id='word_1_65' title='bbox 64 958 154 1018; x_wconf 86' lang='lat' dir='ltr'>bitrio</span> <span class='ocrx_word' id='word_1_66' title='bbox 178 968 229 1019; x_wconf 92' lang='lat' dir='ltr'>aut</span> <span class='ocrx_word' id='word_1_67' title='bbox 252 959 417 1037; x_wconf 87' lang='lat' dir='ltr'>deposituri</span> <span class='ocrx_word' id='word_1_68' title='bbox 446 966 497 1019; x_wconf 93' lang='lat' dir='ltr'>aut</span> <span class='ocrx_word' id='word_1_69' title='bbox 519 962 667 1020; x_wconf 89' lang='lat' dir='ltr'>retenturi</span> <span class='ocrx_word' id='word_1_70' title='bbox 690 959 829 1020; x_wconf 87' lang='lat' dir='ltr'>videntur</span> <span class='ocrx_word' id='word_1_71' title='bbox 852 969 882 1020; x_wconf 87' lang='lat' dir='ltr'>et</span> <span class='ocrx_word' id='word_1_72' title='bbox 905 961 1025 1021; x_wconf 90' lang='lat' dir='ltr'>modum</span> <span class='ocrx_word' id='word_1_73' title='bbox 1048 964 1078 1021; x_wconf 94' lang='lat' dir='ltr'>in</span> 
     </span>
     <span class='ocr_line' id='line_1_10' title="bbox 65 1045 1079 1129; baseline 0.004 -25"><span class='ocrx_word' id='word_1_74' title='bbox 65 1045 214 1107; x_wconf 91' lang='lat' dir='ltr'>voluntate</span> <span class='ocrx_word' id='word_1_75' title='bbox 247 1046 365 1107; x_wconf 89' lang='lat' dir='ltr'>habent.</span> <span class='ocrx_word' id='word_1_76' title='bbox 420 1046 631 1108; x_wconf 80' lang='lat' dir='ltr'>dissuadebant</span> <span class='ocrx_word' id='word_1_77' title='bbox 663 1050 832 1129; x_wconf 85' lang='lat' dir='ltr'>optimates,</span> <span class='ocrx_word' id='word_1_78' title='bbox 869 1048 922 1108; x_wconf 89' lang='lat' dir='ltr'>sed</span> <span class='ocrx_word' id='word_1_79' title='bbox 957 1049 1079 1109; x_wconf 92' lang='lat' dir='ltr'>consilia</span> 
     </span>
     <span class='ocr_line' id='line_1_11' title="bbox 24 1138 380 1214; baseline 0.003 -21"><span class='ocrx_word' id='word_1_80' title='bbox 24 1147 50 1184; x_wconf 87' lang='lat'>10</span> <span class='ocrx_word' id='word_1_81' title='bbox 65 1138 178 1214; x_wconf 90' lang='lat' dir='ltr'>impetu</span> <span class='ocrx_word' id='word_1_82' title='bbox 202 1138 278 1196; x_wconf 91' lang='lat' dir='ltr'>victa</span> <span class='ocrx_word' id='word_1_83' title='bbox 302 1144 380 1195; x_wconf 90' lang='lat' dir='ltr'>sunt.</span> 
     </span>
    </p>

    <p class='ocr_par' dir='ltr' id='par_1_3' title="bbox 63 1221 1108 1570">
     <span class='ocr_line' id='line_1_12' title="bbox 153 1221 1108 1302; baseline 0.001 -18"><span class='ocrx_word' id='word_1_84' title='bbox 153 1221 204 1284; x_wconf 77' lang='lat'>32,</span> <span class='ocrx_word' id='word_1_85' title='bbox 248 1223 342 1302; x_wconf 84' lang='lat' dir='ltr'>Digna</span> <span class='ocrx_word' id='word_1_86' title='bbox 372 1234 418 1285; x_wconf 91' lang='lat' dir='ltr'>est</span> <span class='ocrx_word' id='word_1_87' title='bbox 452 1228 593 1285; x_wconf 92' lang='lat' dir='ltr'>memoria</span> <span class='ocrx_word' id='word_1_88' title='bbox 627 1225 660 1295; x_wconf 83' lang='lat' dir='ltr'>Q.</span> <span class='ocrx_word' id='word_1_89' title='bbox 689 1224 785 1285; x_wconf 84' lang='lat' dir='ltr'>Catuli</span> <span class='ocrx_word' id='word_1_90' title='bbox 817 1243 885 1284; x_wconf 93' lang='lat' dir='ltr'>cum</span> <span class='ocrx_word' id='word_1_91' title='bbox 918 1227 1108 1286; x_wconf 84' lang='lat' dir='ltr'>auctoritasl</span> 
     </span>
     <span class='ocr_line' id='line_1_13' title="bbox 63 1312 1078 1392; baseline 0.003 -21"><span class='ocrx_word' id='word_1_92' title='bbox 63 1319 127 1371; x_wconf 90' lang='lat' dir='ltr'>tum</span> <span class='ocrx_word' id='word_1_93' title='bbox 155 1313 341 1373; x_wconf 89' lang='lat' dir='ltr'>verecundia.</span> <span class='ocrx_word' id='word_1_94' title='bbox 388 1316 531 1392; x_wconf 90' lang='lat' dir='ltr'>quicum</span> <span class='ocrx_word' id='word_1_95' title='bbox 559 1313 734 1375; x_wconf 87' lang='lat' dir='ltr'>dissuadens</span> <span class='ocrx_word' id='word_1_96' title='bbox 761 1312 856 1391; x_wconf 85' lang='lat' dir='ltr'>legem</span> <span class='ocrx_word' id='word_1_97' title='bbox 884 1317 916 1373; x_wconf 93' lang='lat' dir='ltr'>in</span> <span class='ocrx_word' id='word_1_98' title='bbox 940 1317 1078 1374; x_wconf 91' lang='lat' dir='ltr'>contione</span> 
     </span>
     <span class='ocr_line' id='line_1_14' title="bbox 63 1401 1077 1483; baseline 0.001 -23"><span class='ocrx_word' id='word_1_99' title='bbox 63 1401 186 1461; x_wconf 82' lang='lat' dir='ltr'>dixisset</span> <span class='ocrx_word' id='word_1_100' title='bbox 218 1420 284 1461; x_wconf 91' lang='lat' dir='ltr'>esse</span> <span class='ocrx_word' id='word_1_101' title='bbox 317 1404 438 1480; x_wconf 91' lang='lat' dir='ltr'>quidem</span> <span class='ocrx_word' id='word_1_102' title='bbox 468 1401 654 1482; x_wconf 88' lang='lat' dir='ltr'>praeclarum</span> <span class='ocrx_word' id='word_1_103' title='bbox 687 1405 784 1462; x_wconf 89' lang='lat' dir='ltr'>virum</span> <span class='ocrx_word' id='word_1_104' title='bbox 815 1402 866 1463; x_wconf 87' lang='lat' dir='ltr'>Cn.</span> <span class='ocrx_word' id='word_1_105' title='bbox 893 1402 1077 1483; x_wconf 90' lang='lat' dir='ltr'>Pompeium,</span> 
     </span>
     <span class='ocr_line' id='line_1_15' title="bbox 63 1489 1077 1570; baseline 0.001 -21"><span class='ocrx_word' id='word_1_106' title='bbox 63 1489 115 1549; x_wconf 92' lang='lat' dir='ltr'>sed</span> <span class='ocrx_word' id='word_1_107' title='bbox 139 1492 262 1551; x_wconf 90' lang='lat' dir='ltr'>nimium</span> <span class='ocrx_word' id='word_1_108' title='bbox 285 1493 343 1550; x_wconf 90' lang='lat' dir='ltr'>iam</span> <span class='ocrx_word' id='word_1_109' title='bbox 365 1491 475 1551; x_wconf 90' lang='lat' dir='ltr'>liberae</span> <span class='ocrx_word' id='word_1_110' title='bbox 499 1491 701 1570; x_wconf 91' lang='lat' dir='ltr'>reipublicae</span> <span class='ocrx_word' id='word_1_111' title='bbox 726 1509 822 1569; x_wconf 90' lang='lat' dir='ltr'>neque</span> <span class='ocrx_word' id='word_1_112' title='bbox 843 1493 940 1551; x_wconf 90' lang='lat' dir='ltr'>omnia</span> <span class='ocrx_word' id='word_1_113' title='bbox 963 1493 994 1551; x_wconf 90' lang='lat' dir='ltr'>in</span> <span class='ocrx_word' id='word_1_114' title='bbox 1017 1510 1077 1550; x_wconf 93' lang='lat' dir='ltr'>uno</span> 
     </span>
    </p>

    <p class='ocr_par' dir='ltr' id='par_1_4' title="bbox 21 1575 1162 2015">
     <span class='ocr_line' id='line_1_16' title="bbox 21 1575 1077 1661; baseline 0.002 -24"><span class='ocrx_word' id='word_1_115' title='bbox 21 1589 48 1628; x_wconf 84' lang='lat'>1⁵</span> <span class='ocrx_word' id='word_1_116' title='bbox 61 1580 233 1657; x_wconf 89' lang='lat' dir='ltr'>reponenda</span> <span class='ocrx_word' id='word_1_117' title='bbox 256 1579 484 1658; x_wconf 91' lang='lat' dir='ltr'>adiecissetque:</span> <span class='ocrx_word' id='word_1_118' title='bbox 508 1575 545 1639; x_wconf 67' lang='lat' dir='ltr'>‘si</span> <span class='ocrx_word' id='word_1_119' title='bbox 569 1580 639 1658; x_wconf 90' lang='lat' dir='ltr'>quid</span> <span class='ocrx_word' id='word_1_120' title='bbox 663 1580 733 1640; x_wconf 89' lang='lat' dir='ltr'>huic</span> <span class='ocrx_word' id='word_1_121' title='bbox 757 1580 910 1661; x_wconf 88' lang='lat' dir='ltr'>acciderit,</span> <span class='ocrx_word' id='word_1_122' title='bbox 934 1598 1023 1659; x_wconf 90' lang='lat' dir='ltr'>quom</span> <span class='ocrx_word' id='word_1_123' title='bbox 1046 1581 1077 1639; x_wconf 89' lang='lat' dir='ltr'>in</span> 
     </span>
     <span class='ocr_line' id='line_1_17' title="bbox 62 1663 1077 1748; baseline 0 -22"><span class='ocrx_word' id='word_1_124' title='bbox 62 1669 126 1727; x_wconf 90' lang='lat' dir='ltr'>eius</span> <span class='ocrx_word' id='word_1_125' title='bbox 148 1667 248 1727; x_wconf 92' lang='lat' dir='ltr'>locum</span> <span class='ocrx_word' id='word_1_126' title='bbox 271 1663 506 1747; x_wconf 83' lang='lat' dir='ltr'>substituetis?&#39;,</span> <span class='ocrx_word' id='word_1_127' title='bbox 529 1666 722 1729; x_wconf 86' lang='lat' dir='ltr'>subclamavit</span> <span class='ocrx_word' id='word_1_128' title='bbox 744 1670 883 1728; x_wconf 85' lang='lat' dir='ltr'>universa</span> <span class='ocrx_word' id='word_1_129' title='bbox 902 1670 1015 1747; x_wconf 90' lang='lat' dir='ltr'>contio,</span> <span class='ocrx_word' id='word_1_130' title='bbox 1038 1675 1077 1748; x_wconf 89' lang='lat' dir='ltr'>te,</span> 
     </span>
     <span class='ocr_line' id='line_1_18' title="bbox 62 1755 1076 1825; baseline -0.002 -9"><span class='ocrx_word' id='word_1_131' title='bbox 62 1755 95 1825; x_wconf 82' lang='lat' dir='ltr'>Q.</span> <span class='ocrx_word' id='word_1_132' title='bbox 129 1755 240 1816; x_wconf 84' lang='lat' dir='ltr'>Catule.</span> <span class='ocrx_word' id='word_1_133' title='bbox 295 1766 360 1817; x_wconf 92' lang='lat' dir='ltr'>tum</span> <span class='ocrx_word' id='word_1_134' title='bbox 391 1757 440 1816; x_wconf 90' lang='lat' dir='ltr'>ille</span> <span class='ocrx_word' id='word_1_135' title='bbox 472 1759 570 1816; x_wconf 87' lang='lat' dir='ltr'>victus</span> <span class='ocrx_word' id='word_1_136' title='bbox 603 1775 752 1817; x_wconf 91' lang='lat' dir='ltr'>consensu</span> <span class='ocrx_word' id='word_1_137' title='bbox 785 1759 917 1816; x_wconf 89' lang='lat' dir='ltr'>omnium</span> <span class='ocrx_word' id='word_1_138' title='bbox 955 1764 984 1815; x_wconf 87' lang='lat' dir='ltr'>et</span> <span class='ocrx_word' id='word_1_139' title='bbox 1016 1765 1076 1816; x_wconf 91' lang='lat' dir='ltr'>tam</span> 
     </span>
     <span class='ocr_line' id='line_1_19' title="bbox 61 1844 1107 1907; baseline 0.004 -4"><span class='ocrx_word' id='word_1_140' title='bbox 61 1844 224 1904; x_wconf 88' lang='lat' dir='ltr'>honorifico</span> <span class='ocrx_word' id='word_1_141' title='bbox 258 1847 384 1905; x_wconf 89' lang='lat' dir='ltr'>civitatis</span> <span class='ocrx_word' id='word_1_142' title='bbox 416 1847 586 1907; x_wconf 91' lang='lat' dir='ltr'>testimonio</span> <span class='ocrx_word' id='word_1_143' title='bbox 620 1865 636 1905; x_wconf 94' lang='lat' dir='ltr'>e</span> <span class='ocrx_word' id='word_1_144' title='bbox 667 1847 806 1905; x_wconf 90' lang='lat' dir='ltr'>contione</span> <span class='ocrx_word' id='word_1_145' title='bbox 836 1846 982 1906; x_wconf 81' lang='lat' dir='ltr'>discessit.</span> <span class='ocrx_word' id='word_1_146' title='bbox 1028 1844 1107 1907; x_wconf 74' lang='lat' dir='ltr'>hict</span> 
     </span>
     <span class='ocr_line' id='line_1_20' title="bbox 61 1933 1162 2015; baseline 0.001 -24"><span class='ocrx_word' id='word_1_147' title='bbox 61 1933 190 1992; x_wconf 89' lang='lat' dir='ltr'>bominis</span> <span class='ocrx_word' id='word_1_148' title='bbox 213 1934 435 2014; x_wconf 87' lang='lat' dir='ltr'>verecundiam,</span> <span class='ocrx_word' id='word_1_149' title='bbox 457 1934 561 2014; x_wconf 89' lang='lat' dir='ltr'>populi</span> <span class='ocrx_word' id='word_1_150' title='bbox 583 1936 727 1995; x_wconf 92' lang='lat' dir='ltr'>iustitiam</span> <span class='ocrx_word' id='word_1_151' title='bbox 746 1935 847 1993; x_wconf 90' lang='lat' dir='ltr'>mirari</span> <span class='ocrx_word' id='word_1_152' title='bbox 870 1933 955 2015; x_wconf 91' lang='lat' dir='ltr'>libet,</span> <span class='ocrx_word' id='word_1_153' title='bbox 978 1933 1077 2013; x_wconf 78' lang='lat' dir='ltr'>buiuS,</span> <span class='ocrx_word' id='word_1_154' title='bbox 1157 1949 1162 1956; x_wconf 89' lang='lat'>·</span> 
     </span>
    </p>

    <p class='ocr_par' dir='ltr' id='par_1_5' title="bbox 21 2014 1176 2456">
     <span class='ocr_line' id='line_1_21' title="bbox 21 2014 1176 2104; baseline 0 -23"><span class='ocrx_word' id='word_1_155' title='bbox 21 2034 47 2071; x_wconf 83' lang='lat'>20</span> <span class='ocrx_word' id='word_1_156' title='bbox 62 2022 141 2099; x_wconf 89' lang='lat' dir='ltr'>quod</span> <span class='ocrx_word' id='word_1_157' title='bbox 170 2040 230 2081; x_wconf 90' lang='lat' dir='ltr'>non</span> <span class='ocrx_word' id='word_1_158' title='bbox 257 2021 336 2082; x_wconf 88' lang='lat' dir='ltr'>ultra</span> <span class='ocrx_word' id='word_1_159' title='bbox 362 2014 532 2104; x_wconf 80' lang='lat' dir='ltr'>contendit,</span> <span class='ocrx_word' id='word_1_160' title='bbox 554 2023 663 2104; x_wconf 92' lang='lat' dir='ltr'>plebis,</span> <span class='ocrx_word' id='word_1_161' title='bbox 691 2022 770 2101; x_wconf 90' lang='lat' dir='ltr'>quod</span> <span class='ocrx_word' id='word_1_162' title='bbox 798 2022 1019 2082; x_wconf 91' lang='lat' dir='ltr'>dissuadentem</span> <span class='ocrx_word' id='word_1_163' title='bbox 1047 2029 1078 2081; x_wconf 91' lang='lat' dir='ltr'>et</span> <span class='ocrx_word' id='word_1_164' title='bbox 1174 2073 1176 2075; x_wconf 90' lang='lat'>.</span> 
     </span>
     <span class='ocr_line' id='line_1_22' title="bbox 62 2110 1076 2171; baseline 0.001 -2"><span class='ocrx_word' id='word_1_165' title='bbox 62 2111 263 2170; x_wconf 90' lang='lat' dir='ltr'>adversarium</span> <span class='ocrx_word' id='word_1_166' title='bbox 282 2110 440 2171; x_wconf 90' lang='lat' dir='ltr'>voluntatis</span> <span class='ocrx_word' id='word_1_167' title='bbox 460 2129 530 2170; x_wconf 88' lang='lat' dir='ltr'>suae</span> <span class='ocrx_word' id='word_1_168' title='bbox 552 2129 622 2170; x_wconf 91' lang='lat' dir='ltr'>vero</span> <span class='ocrx_word' id='word_1_169' title='bbox 637 2111 807 2171; x_wconf 89' lang='lat' dir='ltr'>testimonio</span> <span class='ocrx_word' id='word_1_170' title='bbox 823 2112 958 2170; x_wconf 77' lang='lat' dir='ltr'>fraudare</span> <span class='ocrx_word' id='word_1_171' title='bbox 973 2110 1076 2170; x_wconf 91' lang='lat' dir='ltr'>noluit.</span> 
     </span>
     <span class='ocr_line' id='line_1_23' title="bbox 60 2198 1107 2281; baseline 0.003 -24"><span class='ocrx_word' id='word_1_172' title='bbox 60 2216 116 2278; x_wconf 93' lang='lat' dir='ltr'>per</span> <span class='ocrx_word' id='word_1_173' title='bbox 135 2198 213 2259; x_wconf 92' lang='lat' dir='ltr'>idem</span> <span class='ocrx_word' id='word_1_174' title='bbox 232 2207 350 2278; x_wconf 91' lang='lat' dir='ltr'>tempus</span> <span class='ocrx_word' id='word_1_175' title='bbox 370 2198 455 2259; x_wconf 86' lang='lat' dir='ltr'>Cotta</span> <span class='ocrx_word' id='word_1_176' title='bbox 473 2200 622 2259; x_wconf 91' lang='lat' dir='ltr'>iudicandi</span> <span class='ocrx_word' id='word_1_177' title='bbox 641 2217 763 2281; x_wconf 92' lang='lat' dir='ltr'>munus,</span> <span class='ocrx_word' id='word_1_178' title='bbox 786 2199 864 2276; x_wconf 89' lang='lat' dir='ltr'>quod</span> <span class='ocrx_word' id='word_1_179' title='bbox 880 2199 910 2259; x_wconf 84' lang='lat' dir='ltr'>C.</span> <span class='ocrx_word' id='word_1_180' title='bbox 925 2198 1107 2260; x_wconf 87' lang='lat' dir='ltr'>Gracchus3</span> 
     </span>
     <span class='ocr_line' id='line_1_24' title="bbox 61 2287 1078 2368; baseline -0.002 -22"><span class='ocrx_word' id='word_1_181' title='bbox 61 2296 198 2366; x_wconf 90' lang='lat' dir='ltr'>ereptum</span> <span class='ocrx_word' id='word_1_182' title='bbox 228 2290 343 2348; x_wconf 87' lang='lat' dir='ltr'>senatui</span> <span class='ocrx_word' id='word_1_183' title='bbox 371 2289 407 2347; x_wconf 93' lang='lat' dir='ltr'>ad</span> <span class='ocrx_word' id='word_1_184' title='bbox 440 2291 569 2368; x_wconf 89' lang='lat' dir='ltr'>equites,</span> <span class='ocrx_word' id='word_1_185' title='bbox 603 2287 683 2347; x_wconf 89' lang='lat' dir='ltr'>Sulla</span> <span class='ocrx_word' id='word_1_186' title='bbox 715 2287 751 2346; x_wconf 93' lang='lat' dir='ltr'>ab</span> <span class='ocrx_word' id='word_1_187' title='bbox 784 2287 841 2347; x_wconf 92' lang='lat' dir='ltr'>illis</span> <span class='ocrx_word' id='word_1_188' title='bbox 873 2287 909 2346; x_wconf 93' lang='lat' dir='ltr'>ad</span> <span class='ocrx_word' id='word_1_189' title='bbox 942 2293 1078 2346; x_wconf 89' lang='lat' dir='ltr'>senatum</span> 
     </span>
     <span class='ocr_line' id='line_1_25' title="bbox 60 2375 1076 2456; baseline 0 -22"><span class='ocrx_word' id='word_1_190' title='bbox 60 2376 286 2456; x_wconf 89' lang='lat' dir='ltr'>transtulerant,</span> <span class='ocrx_word' id='word_1_191' title='bbox 323 2376 487 2456; x_wconf 90' lang='lat' dir='ltr'>aequaliter</span> <span class='ocrx_word' id='word_1_192' title='bbox 517 2379 549 2435; x_wconf 92' lang='lat' dir='ltr'>in</span> <span class='ocrx_word' id='word_1_193' title='bbox 575 2380 742 2454; x_wconf 80' lang='lat' dir='ltr'>utrumque</span> <span class='ocrx_word' id='word_1_194' title='bbox 780 2375 915 2435; x_wconf 90' lang='lat' dir='ltr'>ordinem</span> <span class='ocrx_word' id='word_1_195' title='bbox 949 2376 1076 2454; x_wconf 91' lang='lat' dir='ltr'>partitus</span> 
     </span>
    </p>

    <p class='ocr_par' dir='ltr' id='par_1_6' title="bbox 21 2463 1108 2722">
     <span class='ocr_line' id='line_1_26' title="bbox 21 2463 1077 2544; baseline 0.001 -22"><span class='ocrx_word' id='word_1_196' title='bbox 21 2474 48 2516; x_wconf 76' lang='lat'>25</span> <span class='ocrx_word' id='word_1_197' title='bbox 62 2472 120 2544; x_wconf 71' lang='lat' dir='ltr'>est,</span> <span class='ocrx_word' id='word_1_198' title='bbox 157 2464 234 2525; x_wconf 84' lang='lat' dir='ltr'>Otho</span> <span class='ocrx_word' id='word_1_199' title='bbox 267 2464 393 2526; x_wconf 88' lang='lat' dir='ltr'>Roscius</span> <span class='ocrx_word' id='word_1_200' title='bbox 430 2465 494 2543; x_wconf 84' lang='lat' dir='ltr'>lege</span> <span class='ocrx_word' id='word_1_201' title='bbox 528 2483 581 2526; x_wconf 88' lang='lat' dir='ltr'>sua</span> <span class='ocrx_word' id='word_1_202' title='bbox 613 2464 764 2543; x_wconf 88' lang='lat' dir='ltr'>equitibus</span> <span class='ocrx_word' id='word_1_203' title='bbox 796 2467 827 2523; x_wconf 92' lang='lat' dir='ltr'>in</span> <span class='ocrx_word' id='word_1_204' title='bbox 859 2463 975 2524; x_wconf 89' lang='lat' dir='ltr'>theatro</span> <span class='ocrx_word' id='word_1_205' title='bbox 1013 2463 1077 2523; x_wconf 92' lang='lat' dir='ltr'>loca</span> 
     </span>
     <span class='ocr_line' id='line_1_27' title="bbox 61 2552 1108 2633; baseline 0.005 -23"><span class='ocrx_word' id='word_1_206' title='bbox 61 2555 200 2613; x_wconf 90' lang='lat' dir='ltr'>restituit.</span> <span class='ocrx_word' id='word_1_207' title='bbox 248 2562 277 2613; x_wconf 93' lang='lat' dir='ltr'>at</span> <span class='ocrx_word' id='word_1_208' title='bbox 305 2553 357 2613; x_wconf 87' lang='lat' dir='ltr'>Cn.</span> <span class='ocrx_word' id='word_1_209' title='bbox 380 2554 540 2632; x_wconf 92' lang='lat' dir='ltr'>Pompeius</span> <span class='ocrx_word' id='word_1_210' title='bbox 567 2553 669 2614; x_wconf 80' lang='lat' dir='ltr'>nrtdtis</span> <span class='ocrx_word' id='word_1_211' title='bbox 702 2561 732 2613; x_wconf 93' lang='lat' dir='ltr'>et</span> <span class='ocrx_word' id='word_1_212' title='bbox 759 2552 919 2633; x_wconf 88' lang='lat' dir='ltr'>praeclaris</span> <span class='ocrx_word' id='word_1_213' title='bbox 946 2554 1018 2611; x_wconf 93' lang='lat' dir='ltr'>viris</span> <span class='ocrx_word' id='word_1_214' title='bbox 1045 2554 1108 2615; x_wconf 75' lang='lat' dir='ltr'>int</span> 
     </span>
     <span class='ocr_line' id='line_1_28' title="bbox 60 2640 1077 2722; baseline 0.001 -23"><span class='ocrx_word' id='word_1_215' title='bbox 60 2640 90 2699; x_wconf 92' lang='lat' dir='ltr'>id</span> <span class='ocrx_word' id='word_1_216' title='bbox 114 2640 225 2702; x_wconf 92' lang='lat' dir='ltr'>bellum</span> <span class='ocrx_word' id='word_1_217' title='bbox 249 2641 413 2722; x_wconf 87' lang='lat' dir='ltr'>adsumptis</span> <span class='ocrx_word' id='word_1_218' title='bbox 431 2642 633 2722; x_wconf 88' lang='lat' dir='ltr'>discriptoque</span> <span class='ocrx_word' id='word_1_219' title='bbox 657 2660 750 2721; x_wconf 86' lang='lat' dir='ltr'>paene</span> <span class='ocrx_word' id='word_1_220' title='bbox 774 2644 805 2701; x_wconf 92' lang='lat' dir='ltr'>in</span> <span class='ocrx_word' id='word_1_221' title='bbox 824 2643 920 2701; x_wconf 92' lang='lat' dir='ltr'>omnis</span> <span class='ocrx_word' id='word_1_222' title='bbox 939 2659 1077 2701; x_wconf 91' lang='lat' dir='ltr'>recessus</span> 
     </span>
    </p>
   </div>
   <div class='ocr_carea' id='block_1_3' title="bbox 37 2811 1118 3518">
    <p class='ocr_par' dir='ltr' id='par_1_7' title="bbox 37 2811 1118 3518">
     <span class='ocr_line' id='line_1_29' title="bbox 135 2811 1118 2882; baseline 0.001 -17"><span class='ocrx_word' id='word_1_223' title='bbox 135 2817 148 2865; x_wconf 92' lang='lat'>1</span> <span class='ocrx_word' id='word_1_224' title='bbox 170 2829 224 2880; x_wconf 88' lang='lat' dir='ltr'>quo</span> <span class='ocrx_word' id='word_1_225' title='bbox 245 2811 316 2866; x_wconf 85' lang='lat' dir='ltr'>scito</span> <span class='ocrx_word' id='word_1_226' title='bbox 335 2812 450 2882; x_wconf 75' lang='lat' dir='ltr'>Scheplc:</span> <span class='ocrx_word' id='word_1_227' title='bbox 474 2830 544 2881; x_wconf 89' lang='lat' dir='ltr'>quos</span> <span class='ocrx_word' id='word_1_228' title='bbox 562 2818 589 2871; x_wconf 67' lang='lat' dir='ltr'><em>E</em></span> <span class='ocrx_word' id='word_1_229' title='bbox 603 2812 644 2879; x_wconf 84' lang='lat' dir='ltr'>A,</span> <span class='ocrx_word' id='word_1_230' title='bbox 664 2829 723 2880; x_wconf 87' lang='lat' dir='ltr'>quo</span> <span class='ocrx_word' id='word_1_231' title='bbox 748 2815 860 2867; x_wconf 82' lang='lat' dir='ltr'>senatus</span> <span class='ocrx_word' id='word_1_232' title='bbox 880 2812 941 2866; x_wconf 82' lang='lat' dir='ltr'>Cos.</span> <span class='ocrx_word' id='word_1_233' title='bbox 962 2812 999 2878; x_wconf 91' lang='lat' dir='ltr'>P,</span> <span class='ocrx_word' id='word_1_234' title='bbox 1022 2829 1076 2879; x_wconf 89' lang='lat' dir='ltr'>quo</span> <span class='ocrx_word' id='word_1_235' title='bbox 1115 2868 1118 2872; x_wconf 68' lang='grc'><strong>,</strong></span> 
     </span>
     <span class='ocr_line' id='line_1_30' title="bbox 59 2881 1025 2952; baseline 0 -18"><span class='ocrx_word' id='word_1_236' title='bbox 59 2881 210 2949; x_wconf 81' lang='lat' dir='ltr'>plebiscito</span> <span class='ocrx_word' id='word_1_237' title='bbox 231 2883 362 2938; x_wconf 69' lang='lat' dir='ltr'>Calamus</span> <span class='ocrx_word' id='word_1_238' title='bbox 434 2890 450 2937; x_wconf 98' lang='grc'>2</span> <span class='ocrx_word' id='word_1_239' title='bbox 470 2883 647 2952; x_wconf 85' lang='lat' dir='ltr'>septennium</span> <span class='ocrx_word' id='word_1_240' title='bbox 664 2884 788 2938; x_wconf 77' lang='lat' dir='ltr'>Kruuse:</span> <span class='ocrx_word' id='word_1_241' title='bbox 806 2883 949 2938; x_wconf 88' lang='lat' dir='ltr'>biennium</span> <span class='ocrx_word' id='word_1_242' title='bbox 967 2883 1025 2935; x_wconf 92' lang='lat' dir='ltr'>AP</span> 
     </span>
     <span class='ocr_line' id='line_1_31' title="bbox 60 2952 1076 3023; baseline 0 -18"><span class='ocrx_word' id='word_1_243' title='bbox 60 2959 75 3005; x_wconf 91' lang='grc'><strong>3</strong></span> <span class='ocrx_word' id='word_1_244' title='bbox 95 2953 202 3007; x_wconf 86' lang='lat' dir='ltr'>Antoni</span> <span class='ocrx_word' id='word_1_245' title='bbox 219 2954 278 3006; x_wconf 92' lang='lat' dir='ltr'>AP</span> <span class='ocrx_word' id='word_1_246' title='bbox 296 2954 428 3021; x_wconf 87' lang='lat' dir='ltr'>(Antonio</span> <span class='ocrx_word' id='word_1_247' title='bbox 447 2956 577 3023; x_wconf 86' lang='lat' dir='ltr'>praetore</span> <span class='ocrx_word' id='word_1_248' title='bbox 595 2955 742 3023; x_wconf 79' lang='lat' dir='ltr'>Boberius)</span> <span class='ocrx_word' id='word_1_249' title='bbox 824 2960 841 3007; x_wconf 81' lang='lat'>4</span> <span class='ocrx_word' id='word_1_250' title='bbox 859 2954 924 3008; x_wconf 85' lang='lat' dir='ltr'>leua</span> <span class='ocrx_word' id='word_1_251' title='bbox 941 2955 982 3020; x_wconf 88' lang='lat' dir='ltr'>A,</span> <span class='ocrx_word' id='word_1_252' title='bbox 1005 2952 1076 3006; x_wconf 84' lang='lat' dir='ltr'>invi-</span> 
     </span>
     <span class='ocr_line' id='line_1_32' title="bbox 59 3023 1076 3095; baseline 0.002 -20"><span class='ocrx_word' id='word_1_253' title='bbox 59 3023 134 3077; x_wconf 83' lang='lat' dir='ltr'>diam</span> <span class='ocrx_word' id='word_1_254' title='bbox 153 3024 231 3078; x_wconf 81' lang='lat' dir='ltr'>levat</span> <span class='ocrx_word' id='word_1_255' title='bbox 251 3025 370 3094; x_wconf 79' lang='lat' dir='ltr'>Madoa&#39;p</span> <span class='ocrx_word' id='word_1_256' title='bbox 389 3026 450 3092; x_wconf 85' lang='lat' dir='ltr'>(om.</span> <span class='ocrx_word' id='word_1_257' title='bbox 469 3030 555 3095; x_wconf 84' lang='lat' dir='ltr'>auget</span> <span class='ocrx_word' id='word_1_258' title='bbox 574 3027 632 3094; x_wconf 79' lang='lat' dir='ltr'>out)</span> <span class='ocrx_word' id='word_1_259' title='bbox 711 3033 725 3079; x_wconf 80' lang='lat'><strong>7</strong></span> <span class='ocrx_word' id='word_1_260' title='bbox 743 3024 966 3079; x_wconf 63' lang='lat' dir='ltr'>&#39;extraordinaria</span> <span class='ocrx_word' id='word_1_261' title='bbox 988 3023 1076 3092; x_wconf 88' lang='lat' dir='ltr'>impe-</span> 
     </span>
     <span class='ocr_line' id='line_1_33' title="bbox 58 3093 1077 3164; baseline 0 -18"><span class='ocrx_word' id='word_1_262' title='bbox 58 3093 101 3147; x_wconf 85' lang='lat' dir='ltr'>ria</span> <span class='ocrx_word' id='word_1_263' title='bbox 117 3095 270 3149; x_wconf 81' lang='lat' dir='ltr'>Mommsen</span> <span class='ocrx_word' id='word_1_264' title='bbox 325 3102 358 3148; x_wconf 89' lang='lat'>14</span> <span class='ocrx_word' id='word_1_265' title='bbox 376 3095 482 3150; x_wconf 79' lang='lat' dir='ltr'>liberae</span> <span class='ocrx_word' id='word_1_266' title='bbox 499 3098 526 3149; x_wconf 97' lang='lat' dir='ltr'><strong><em>A</em></strong></span> <span class='ocrx_word' id='word_1_267' title='bbox 546 3097 618 3163; x_wconf 80' lang='lat' dir='ltr'>(cum</span> <span class='ocrx_word' id='word_1_268' title='bbox 635 3112 738 3150; x_wconf 79' lang='lat' dir='ltr'>rasura</span> <span class='ocrx_word' id='word_1_269' title='bbox 751 3101 816 3164; x_wconf 81' lang='lat' dir='ltr'>post</span> <span class='ocrx_word' id='word_1_270' title='bbox 834 3097 889 3162; x_wconf 85' lang='lat' dir='ltr'>ae),</span> <span class='ocrx_word' id='word_1_271' title='bbox 908 3095 981 3148; x_wconf 89' lang='lat' dir='ltr'>liber</span> <span class='ocrx_word' id='word_1_272' title='bbox 999 3097 1077 3147; x_wconf 80' lang='lat' dir='ltr'>aeret</span> 
     </span>
     <span class='ocr_line' id='line_1_34' title="bbox 59 3165 1075 3235; baseline 0.002 -19"><span class='ocrx_word' id='word_1_273' title='bbox 59 3169 135 3230; x_wconf 84' lang='lat' dir='ltr'>(aera</span> <span class='ocrx_word' id='word_1_274' title='bbox 161 3166 198 3232; x_wconf 85' lang='lat' dir='ltr'>P)</span> <span class='ocrx_word' id='word_1_275' title='bbox 222 3166 289 3218; x_wconf 88' lang='lat' dir='ltr'>MP</span> <span class='ocrx_word' id='word_1_276' title='bbox 377 3172 410 3220; x_wconf 82' lang='lat'>16</span> <span class='ocrx_word' id='word_1_277' title='bbox 429 3165 598 3220; x_wconf 86' lang='lat' dir='ltr'>substituitis</span> <span class='ocrx_word' id='word_1_278' title='bbox 619 3167 689 3233; x_wconf 84' lang='grc' dir='ltr'>ΑΡ,</span> <span class='ocrx_word' id='word_1_279' title='bbox 712 3183 759 3220; x_wconf 80' lang='lat' dir='ltr'>ern.</span> <span class='ocrx_word' id='word_1_280' title='bbox 785 3166 957 3219; x_wconf 76' lang='lat' dir='ltr'>Vascosaaaus</span> <span class='ocrx_word' id='word_1_281' title='bbox 986 3167 990 3235; x_wconf 75' lang='grc'>1</span> <span class='ocrx_word' id='word_1_282' title='bbox 1018 3167 1075 3232; x_wconf 77' lang='lat' dir='ltr'>leq.</span> 
     </span>
     <span class='ocr_line' id='line_1_35' title="bbox 58 3233 1075 3306; baseline 0 -18"><span class='ocrx_word' id='word_1_283' title='bbox 58 3233 157 3289; x_wconf 80' lang='lat' dir='ltr'>Catule</span> <span class='ocrx_word' id='word_1_284' title='bbox 171 3237 198 3288; x_wconf 90' lang='lat' dir='ltr'><strong><em>A</em></strong></span> <span class='ocrx_word' id='word_1_285' title='bbox 253 3244 285 3291; x_wconf 83' lang='lat'>21</span> <span class='ocrx_word' id='word_1_286' title='bbox 305 3237 445 3290; x_wconf 84' lang='lat' dir='ltr'>voluntati</span> <span class='ocrx_word' id='word_1_287' title='bbox 462 3238 592 3292; x_wconf 77' lang='lat' dir='ltr'>Burman</span> <span class='ocrx_word' id='word_1_288' title='bbox 608 3239 612 3306; x_wconf 86' lang='grc' dir='ltr'>Ι</span> <span class='ocrx_word' id='word_1_289' title='bbox 627 3236 821 3291; x_wconf 80' lang='lat' dir='ltr'>testimonium</span> <span class='ocrx_word' id='word_1_290' title='bbox 834 3238 862 3289; x_wconf 88' lang='lat' dir='ltr'><strong><em>A</em></strong></span> <span class='ocrx_word' id='word_1_291' title='bbox 934 3241 968 3289; x_wconf 88' lang='grc'>24</span> <span class='ocrx_word' id='word_1_292' title='bbox 986 3238 1075 3289; x_wconf 82' lang='lat' dir='ltr'>trans-</span> 
     </span>
     <span class='ocr_line' id='line_1_36' title="bbox 37 3306 1039 3378; baseline 0.001 -19"><span class='ocrx_word' id='word_1_293' title='bbox 37 3306 162 3359; x_wconf 78' lang='lat' dir='ltr'>tulerat</span> <span class='ocrx_word' id='word_1_294' title='bbox 179 3307 207 3358; x_wconf 91' lang='lat' dir='ltr'><strong><em>A</em></strong></span> <span class='ocrx_word' id='word_1_295' title='bbox 224 3309 228 3373; x_wconf 84' lang='grc' dir='ltr'>Ι</span> <span class='ocrx_word' id='word_1_296' title='bbox 244 3307 273 3359; x_wconf 89' lang='lat' dir='ltr'>in</span> <span class='ocrx_word' id='word_1_297' title='bbox 290 3309 330 3361; x_wconf 84' lang='lat' dir='ltr'>A:</span> <span class='ocrx_word' id='word_1_298' title='bbox 349 3307 422 3361; x_wconf 85' lang='lat' dir='ltr'>inter</span> <span class='ocrx_word' id='word_1_299' title='bbox 442 3309 471 3360; x_wconf 94' lang='lat' dir='ltr'><em>P</em></span> <span class='ocrx_word' id='word_1_300' title='bbox 487 3309 519 3376; x_wconf 61' lang='grc' dir='ltr'>εί</span> <span class='ocrx_word' id='word_1_301' title='bbox 539 3309 701 3378; x_wconf 67' lang='lat' dir='ltr'>Nipperdey</span> <span class='ocrx_word' id='word_1_302' title='bbox 720 3309 757 3362; x_wconf 83' lang='lat' dir='ltr'>ad</span> <span class='ocrx_word' id='word_1_303' title='bbox 778 3308 842 3362; x_wconf 84' lang='lat' dir='ltr'>Tac.</span> <span class='ocrx_word' id='word_1_304' title='bbox 861 3309 937 3360; x_wconf 77' lang='lat' dir='ltr'>Arm.</span> <span class='ocrx_word' id='word_1_305' title='bbox 958 3313 986 3374; x_wconf 92' lang='lat'>1,</span> <span class='ocrx_word' id='word_1_306' title='bbox 1006 3312 1039 3360; x_wconf 81' lang='lat'>55</span> 
     </span>
     <span class='ocr_line' id='line_1_37' title="bbox 57 3376 1088 3446; baseline -0.002 -16"><span class='ocrx_word' id='word_1_307' title='bbox 57 3383 92 3431; x_wconf 79' lang='lat'>25</span> <span class='ocrx_word' id='word_1_308' title='bbox 108 3376 182 3431; x_wconf 81' lang='lat' dir='ltr'>otho</span> <span class='ocrx_word' id='word_1_309' title='bbox 201 3377 234 3431; x_wconf 85' lang='lat' dir='ltr'>R.</span> <span class='ocrx_word' id='word_1_310' title='bbox 251 3378 407 3438; x_wconf 78' lang='lat' dir='ltr'>Puteanus:</span> <span class='ocrx_word' id='word_1_311' title='bbox 425 3380 459 3432; x_wconf 77' lang='lat' dir='ltr'>ut</span> <span class='ocrx_word' id='word_1_312' title='bbox 471 3378 622 3434; x_wconf 87' lang='lat' dir='ltr'>Horoscius</span> <span class='ocrx_word' id='word_1_313' title='bbox 636 3378 696 3432; x_wconf 81' lang='grc' dir='ltr'>ΑΡ</span> <span class='ocrx_word' id='word_1_314' title='bbox 747 3385 781 3433; x_wconf 81' lang='grc'>27</span> <span class='ocrx_word' id='word_1_315' title='bbox 801 3378 936 3446; x_wconf 73' lang='lat' dir='ltr'>discripto</span> <span class='ocrx_word' id='word_1_316' title='bbox 953 3395 1031 3444; x_wconf 59' lang='lat' dir='ltr'>duos</span> <span class='ocrx_word' id='word_1_317' title='bbox 1046 3380 1088 3440; x_wconf 53' lang='lat' dir='ltr'>A,</span> 
     </span>
     <span class='ocr_line' id='line_1_38' title="bbox 58 3447 870 3518; baseline -0.001 -15"><span class='ocrx_word' id='word_1_318' title='bbox 58 3447 254 3517; x_wconf 86' lang='lat' dir='ltr'>descriptoque</span> <span class='ocrx_word' id='word_1_319' title='bbox 275 3449 322 3517; x_wconf 88' lang='grc' dir='ltr'>ΡΙ</span> <span class='ocrx_word' id='word_1_320' title='bbox 337 3465 427 3518; x_wconf 84' lang='lat' dir='ltr'>paene</span> <span class='ocrx_word' id='word_1_321' title='bbox 447 3449 556 3506; x_wconf 80' lang='lat' dir='ltr'>Haase:</span> <span class='ocrx_word' id='word_1_322' title='bbox 574 3466 632 3505; x_wconf 82' lang='lat' dir='ltr'>nae</span> <span class='ocrx_word' id='word_1_323' title='bbox 648 3467 688 3506; x_wconf 86' lang='lat' dir='ltr'>ue</span> <span class='ocrx_word' id='word_1_324' title='bbox 708 3451 752 3518; x_wconf 88' lang='lat' dir='ltr'>A,</span> <span class='ocrx_word' id='word_1_325' title='bbox 769 3465 824 3505; x_wconf 77' lang='lat' dir='ltr'>orn.</span> <span class='ocrx_word' id='word_1_326' title='bbox 843 3449 870 3502; x_wconf 80' lang='lat' dir='ltr'>P</span> 
     </span>
    </p>
   </div>
   <div class='ocr_carea' id='block_1_4' title="bbox 0 0 1216 3848">
    <p class='ocr_par' dir='ltr' id='par_1_8' title="bbox 0 0 1216 3848">
     <span class='ocr_line' id='line_1_39' title="bbox 0 0 1216 3848; baseline 0 1"><span class='ocrx_word' id='word_1_327' title='bbox 0 0 1216 3848; x_wconf 95' lang='lat' dir='ltr'> </span> 
     </span>
    </p>
   </div>
  </div>
 </body>
</html>
