2422 3848
95 144 158 209 122
584 145 611 199 ΙΙ

91 321 160 374 tuus
184 320 327 391 patronus
350 311 475 370 Romani
499 313 617 390 imperii
639 302 792 372 adsuetam
817 311 874 373 sibi
893 329 1012 373 causam
1040 330 1106 372 sus-

91 403 172 480 cipit.
217 402 345 461 mittitur
368 399 404 460 ad
428 398 627 480 Germaniam,
654 399 761 460 Gallias
784 401 951 481 coufirmat,
975 399 1107 479 disponit

92 491 253 569 exercitus,
270 487 431 568 'praesidia
463 490 559 549 munit
589 497 619 549 et
650 507 682 548 se
712 489 914 566 magnitudine
947 506 1013 569 suu,
1046 505 1107 548 nou

90 577 198 638 fiducia
216 577 311 637 hostis
331 579 470 658 metiens,
490 579 541 655 qui
561 575 738 637 Cimbricam
757 576 1010 656 'santonicamque
1031 576 1106 636 mili·

91 669 160 726 tiam
183 665 282 726 ltaliae
305 665 485 746 minabatur,
509 665 587 725 ultro
606 664 744 726 Rhenum
763 683 831 727 cum
853 668 987 727 exercitu
1010 673 1133 726 trans-⁵

57 754 232 833 agreditur.
274 772 355 814 arma
377 755 491 833 infert,
505 771 579 833 quae
603 756 734 814 arcuisse
778 762 843 814 ater
866 762 896 815 et
918 755 1013 833 patria
1036 771 1106 814 con·

90 845 165 904 tenti
189 850 285 922 erant3
309 849 446 920 penetrat
468 843 609 922 interim,
634 844 729 921 aperit
804 836 873 923 itd's,
897 851 991 903 vastat
1009 860 1107 922 agros,

90 934 152 992 urit
170 930 285 1010 domos,
308 931 407 990 fundit
425 930 527 990 obvios
546 932 730 1009 maximaque
750 950 818 991 cum
837 931 943 1010 gloria,
964 930 1108 991 incolumi

91 1021 237 1099 omnium,
261 1037 335 1097 quos
354 1019 576 1099 transduxerat,
597 1037 724 1079 numero
742 1020 774 1079 in
792 1019 916 1080 hiberna
935 1021 1107 1081 revertitur.

57 1107 232 1170 areddatur
255 1124 358 1167 verum
381 1105 412 1167 L.
433 1106 589 1186 Asprenati
608 1109 823 1188 testimonium,
846 1110 897 1186 qui
914 1107 1030 1186 legatus
1049 1105 1146 1168 sub10

90 1194 234 1256 avunculo
258 1214 313 1256 suo
336 1194 412 1254 Varo
439 1194 568 1255 militans
591 1213 684 1274 gnava
706 1196 842 1274 virilique
866 1214 956 1275 opera
979 1195 1107 1256 duarum

89 1284 248 1364 legionum,
268 1282 375 1361 quibus
394 1291 539 1362 praeerat,
558 1285 723 1345 exercitum
732 1286 903 1344 immunem
926 1292 1007 1345 tanta
1030 1283 1105 1345 cala-

90 1374 191 1433 mitate
211 1373 337 1431 servavit
355 1379 530 1450 matureque
549 1370 586 1431 ad
600 1373 741 1432 inferiora
754 1371 878 1432 hiberna
897 1366 1111 1433 descendendo

90 1457 290 1519 vacillantium
318 1461 407 1519 etiam
437 1462 479 1520 cis
507 1459 647 1520 Rhenum
676 1462 800 1520 sitarum
829 1463 963 1539 gentium
991 1463 1105 1521 animos

90 1549 281 1608 confirmavit.
326 1556 397 1608 sunt
418 1555 531 1628 tamen,
562 1551 614 1627 qui
642 1556 675 1609 ut
699 1550 780 1608 vivos
807 1548 843 1609 ab
871 1567 906 1609 eo
932 1549 1146 1629 vindicatos,1⁵

88 1637 130 1697 ita
151 1635 351 1714 iugulatorum
375 1634 430 1696 sub
454 1636 529 1696 Varo
553 1645 696 1716 occupata
719 1636 901 1697 credideriut
927 1638 1107 1716 patrimonia

88 1724 342 1802 hereditatemque
366 1727 457 1785 occisi
480 1727 643 1806 exercitus,
670 1727 701 1785 in
731 1733 874 1804 quantum
896 1725 1037 1806 voluerit,
1068 1724 1104 1784 ab

55 1826 124 1874 ceo
148 1812 265 1873 aditam.
310 1811 342 1872 L.
365 1814 453 1873 etiam
477 1811 605 1874 Caedicii
627 1813 770 1892 praelecti
796 1821 962 1873 castrorum
986 1831 1104 1873 eorum·

89 1921 160 1983 que,
190 1903 242 1979 qui
272 1919 330 1961 una
357 1901 532 1961 circumdati
559 1901 677 1962 Alisone
707 1903 860 1962 immensis
888 1900 1104 1962 Germanorum

89 1992 182 2069 copiis
200 1988 426 2068 obsidebantur,
448 1989 591 2049 laudanda
610 1992 705 2050 virtus
725 1998 779 2070 est,
799 1991 850 2067 qui
869 1988 1007 2050 omnibus
1026 1988 1102 2057 dilli-
1117 2001 1146 2041 2⁰

88 2077 248 2138 ciiltatibus
277 2078 436 2156 superatis,
464 2095 537 2155 quas
565 2079 664 2156 inopia
691 2096 793 2138 rerum
821 2074 1029 2158 intolerabilis,
1060 2079 1104 2138 vis

87 2165 219 2226 hostium
251 2164 376 2225 iaciebat
407 2165 667 2246 inexsuperabilis,
699 2184 755 2225 nec
788 2167 945 2227 temerario
978 2156 1104 2226 co‘nsdio

88 2272 143 2314 nec
163 2255 247 2332 segni
264 2253 449 2331 providentia
467 2255 515 2313 usi
529 2253 733 2332 speculatique
751 2255 1002 2333 opportunitatem
1022 2254 1104 2313 ierro

55 2341 145 2402 osibi
173 2341 209 2406 ad
237 2359 307 2401 suos
336 2337 479 2420 peperEre
508 2341 645 2402 reditum.
692 2360 731 2415 eii
754 2360 812 2420 quo
841 2349 962 2420 apparet
985 2340 1103 2422 Varum,

88 2449 158 2490 sane
181 2446 301 2508 gravem
324 2435 353 2488 et
376 2428 470 2489 bonae
490 2429 648 2490 voluntatis
667 2432 779 2511 virum,
802 2431 895 2508 magis
913 2432 1145 2508 imperatoriam

88 2518 236 2577 delectum
273 2516 396 2577 consilio
434 2535 522 2595 quam
558 2520 667 2578 virtute
704 2518 878 2578 destitutum
911 2517 1039 2578 militum
1071 2536 1103 2577 se

54 2605 469 2684 emagniflcentissimumque
489 2605 654 2684 perdidisse
673 2607 845 2665 exercitum.
874 2623 943 2665 cnm
961 2607 992 2665 in
1011 2607 1102 2684 capti-

137 2779 173 2827 '3
194 2774 223 2828 et
242 2773 318 2828 MA:
337 2790 388 2828 om.
409 2774 437 2827 P
496 2774 621 2829 lhostis
640 2775 753 2843 Haupt:
772 2774 897 2829 hostium
915 2773 979 2840 ΑΡ,
999 2790 1050 2828 om.
1067 2774 1105 2827 M

86 2849 150 2898 teste
166 2844 275 2898 Burero
347 2843 543 2900 amicabatur
562 2845 638 2899 MA:
658 2845 836 2899 minabantur
856 2845 884 2898 P
907 2846 911 2908 l
936 2844 1011 2898 ultro
1031 2845 1059 2898 A
1078 2850 1103 2898 et

86 2915 270 2969 Freiueber'm:
289 2915 364 2969 ultra
384 2917 412 2968 P
487 2923 503 2971 6
521 2915 607 2970 infert
624 2915 752 2984 Lipsiae:
772 2915 915 2970 interfecti
932 2915 997 2981 ΑΡ,
1016 2913 1103 2968 infert

14 3045 16 3055 Ι
86 2984 176 3055 genii,
200 3003 285 3054 quum
302 2986 413 3040 Rutu.
443 2989 447 3052 l
477 3003 508 3039 ar
549 2986 602 3041 'ae
620 2986 684 3053 AP,
707 3003 755 3040 em.
774 2987 890 3056 Lipsius
979 2991 1102 3055 ‘lpene-

85 3056 154 3110 irati
172 3057 199 3109 A
284 3055 417 3111 Bobuios
437 3056 475 3110 P:
496 3074 512 3111 o
531 3056 594 3111 ulos
614 3057 677 3111 MA
764 3055 1012 3126 ioAspernatiA

88 3133 120 3180 11
140 3144 234 3197 gnane.
251 3127 291 3182 A:
309 3143 384 3210 naua
404 3128 432 3179 P
508 3132 549 3210 14·
559 3126 792 3209 vacillantis-iam
812 3127 948 3208 Heinsius
973 3127 977 3192 Ι
1001 3126 1101 3180 Rheno

87 3198 366 3265 θ
417 3198 635 3350 iuvari
650 3196 1103 3350 meritamierita

86 3339 187 3394 Lisona
205 3339 263 3393 AP
351 3345 385 3393 22
403 3339 620 3421 inexuperabilis
643 3339 717 3408 (leis
738 3340 775 3415 Β)
793 3340 852 3394 AP
940 3343 973 3392 23
997 3356 1042 3392 usi
1062 3337 1101 3392 P:

87 3410 140 3462 uiti
159 3410 207 3478 M,
225 3409 279 3464 niti
297 3410 324 3463 A
344 3412 590 3480 {opportunitatem
610 3411 637 3463 A
