2422 3848
521 184 543 221 c.
565 173 687 222 54-57.
1066 167 1109 230 69

96 333 147 394 Cn.
178 332 338 414 Pompeius
370 335 467 412 gravis
498 331 621 394 vulnere
653 335 792 392 inventus
823 335 902 392 inter
934 333 1109 394 solitudines

95 425 174 481 avias
196 424 395 501 interemptus
418 429 476 502 est,
499 420 663 482 Labienum
686 419 854 499 Varumque
878 423 956 482 acies
980 421 1109 482 abstulit.

184 505 235 572 56.
273 509 380 570 Caesar
404 512 537 571 omnium
554 512 649 570 victor
667 527 823 588 regressus
842 511 873 569 in
892 508 1008 590 urbem,
1031 511 1109 589 quod
1125 523 1139 570 1

94 599 254 659 humanam
281 599 404 659 excedat
435 599 537 679 fidem,
570 597 720 679 omnibus,
753 599 804 676 qui
829 607 932 659 contra
965 617 996 659 se
1030 617 1110 659 arma

67 688 238 769 ⁵tnlerant,
260 689 385 769 ignovit,
409 695 439 749 et
460 687 759 766 magnificentissimis
780 686 945 765 gladiatorii
968 690 1110 769 muneris

95 776 285 837 naumachiae
314 785 344 836 et
372 778 506 854 equitum
533 775 740 856 peditumque,
770 775 858 835 simul
885 775 1110 855 elephantorum

95 866 266 925 certaminis
290 864 466 944 spectaculis
489 864 629 944 epulique
652 882 707 943 per
730 863 838 925 multos
861 864 925 925 dies
950 865 1010 924 dati
1034 865 1110 925 cele-

94 954 230 1014 bratione
262 953 387 1032 replevit
418 971 491 1013 eam.
542 955 674 1031 quinque
705 955 765 1032 egit
797 953 976 1032 triumphos:
1008 952 1141 1014 Gallicis

95 1049 253 1122 apparatus
277 1060 313 1101 ex
337 1043 424 1122 citro,
448 1040 565 1101 Pontici
586 1060 622 1101 ex
641 1041 780 1122 acantho,
803 1041 992 1101 Alexandrini
1016 1050 1108 1102 testu-

52 1142 80 1180 10
95 1131 178 1212 dine,
210 1129 301 1190 Africi
329 1127 433 1211 ebore,
465 1129 670 1209 Hispaniensis
700 1137 821 1208 argento
855 1129 936 1190 rasili
966 1132 1108 1191 constitit.

94 1221 221 1300 pecunia
248 1237 284 1278 ex
312 1217 458 1278 manubiis
488 1217 546 1278 lata
573 1217 661 1298 paulo
691 1217 816 1297 amplius
845 1221 962 1279 sexiens
991 1218 1109 1279 miliens

96 1309 275 1368 sestertium.
315 1325 412 1386 neque
435 1307 478 1366 illi
501 1315 583 1368 tanto
607 1308 669 1367 viro
694 1314 806 1367 ettam
830 1307 992 1367 clementer
1015 1302 1140 1367 omni-3

94 1395 151 1456 bns
179 1397 311 1456 victoriis
339 1397 402 1457 suis
430 1414 485 1456 uso
512 1394 580 1476 plns
608 1397 740 1474 quinque
769 1398 916 1456 mensium
938 1396 1110 1475 principalis

96 1486 180 1564 quies
204 1486 335 1563 contigit.
381 1486 490 1564 quippe
515 1501 584 1544 eum
606 1501 708 1543 mense
733 1482 857 1544 Octobri
879 1487 910 1544 in
937 1484 1042 1544 urbem
1065 1503 1110 1544 re·

54 1583 81 1624 16
95 1575 246 1653 vertisset,
278 1572 377 1633 idibus
409 1572 535 1654 Martiis,
569 1574 782 1632 coniurationis
814 1571 985 1633 auctoribus
1017 1571 1111 1632 Bruto

97 1670 126 1722 et
155 1660 269 1741 Cassio,
297 1679 426 1740 quorum
453 1661 579 1721 alterum
606 1659 807 1740 promittendo
836 1659 1023 1721 consulatum
1051 1679 1112 1720 non

97 1748 289 1830 obligaverat,
313 1757 417 1810 contra
438 1749 603 1809 differendo
627 1748 761 1810 Cassium
784 1749 960 1830 offenderat,
989 1748 1111 1808 adiectis
1148 1821 1151 1825 Δ

97 1841 186 1898 etiam
209 1837 384 1899 consiliariis
404 1839 503 1898 caedis
523 1837 759 1899 familiarissimis
783 1840 915 1899 omnium
939 1845 969 1898 et
991 1838 1111 1898 fortuna

95 1929 226 2006 partium
254 1928 318 1985 eius
344 1928 376 1985 in
400 1943 548 1986 summum
573 1927 683 1987 evectis
705 1927 869 2006 fastigium,
897 1925 930 1986 b.
958 1925 1051 1987 Bruto
1083 1933 1113 1986 et

53 2031 81 2072 so
97 2013 128 2075 C.
152 2013 301 2074 Trebonio
324 2013 448 2092 aliisque
476 2014 548 2074 clari
570 2016 699 2075 nominis
721 2017 806 2095 viris,
832 2016 1030 2094 interemptus
1054 2023 1112 2075 est.

97 2105 146 2163 cui
178 2119 314 2180 magnam
345 2102 484 2162 invidiam
514 2102 685 2163 conciliarat
716 2102 753 2163 M.
782 2104 941 2184 Antonius,
973 2097 1143 2163 omnibus4
1207 2102 1208 2106 ’

97 2190 241 2251 audendis
260 2192 477 2272 paratissimuS,
501 2191 673 2252 consulatus
692 2190 817 2272 collega,
836 2191 1005 2270 inponendo
1023 2194 1112 2270 capiti

97 2282 162 2340 eius
176 2278 390 2358 Lupercalibus
410 2278 541 2339 sedentis
559 2297 614 2359 pro
633 2281 740 2339 rostris
753 2281 869 2358 insigne
884 2282 1009 2361 regiam,
1033 2279 1111 2357 quod

97 2368 133 2427 ab
158 2387 194 2429 eo
216 2371 257 2428 ita
280 2367 434 2447 repulsum
457 2376 533 2449 erat,
556 2375 674 2428 utnon
697 2367 829 2428 offensus
852 2368 1012 2428 videretur.
1032 2433 1035 2438 ⁴

53 2471 82 2512 25
178 2452 237 2517 oi.
291 2455 485 2516 Laudandum
517 2457 700 2536 experientia
733 2456 889 2517 consilium
921 2465 967 2518 est
998 2448 1142 2517 Pansae1

98 2548 185 2623 atque
209 2544 311 2625 Hirtii,
339 2547 391 2623 qui
414 2563 532 2624 semper
555 2544 764 2625 praedixerant
787 2545 917 2626 Caesari,
944 2553 979 2606 ut
1001 2547 1111 2624 princi-

97 2640 199 2713 patum
222 2635 311 2693 armis
340 2634 508 2712 quaesitum
530 2635 621 2694 armis
644 2642 774 2695 teneret:
801 2633 849 2693 ille
874 2634 1012 2694 dictitans
1035 2635 1112 2694 mori

98 2739 131 2781 se
155 2739 242 2800 quam
265 2723 364 2781 timeri
387 2721 472 2782 malle
492 2721 563 2782 dnm
582 2722 782 2804 clementiam,
806 2740 893 2802 quam
914 2724 1112 2802 praestiterat,

171 2944 285 3015 lgroui
297 2945 338 3013 A,
357 2944 392 3012 cf.
406 2945 470 3000 Liv.
485 2952 532 3014 36,
547 2951 625 3014 20,5
680 2948 744 2999 oei
762 2946 826 3000 odd.
841 2945 986 3013 Ruhnken,
1004 2944 1113 3014 magni-

97 3015 341 3084 ficentissimisque
359 3017 452 3071 Burer
470 3018 515 3084 (ecc
534 3017 572 3070 M
575 3015 601 3084 .2)
674 3022 708 3070 10
726 3015 789 3069 Ani
805 3017 833 3068 A
900 3021 932 3069 11
953 3015 1042 3069 sexies
1061 3014 1112 3067 mi·

86 3086 151 3140 'lies
171 3086 216 3141 SH
232 3086 266 3153 P,
280 3103 336 3156 pro
354 3085 477 3156 sexiens,
495 3087 683 3157 quodfalsum
696 3103 750 3141 esse
763 3091 881 3152 edomat,
899 3087 1013 3140 coniecit
1026 3085 1113 3140 Hoto-

97 3174 197 3212 manus
215 3156 355 3228 sexagies,
373 3157 490 3227 Lipsius
509 3158 601 3212 decies
620 3157 711 3211 sexies
785 3162 817 3210 12
836 3158 916 3210 tento
935 3155 995 3210 viro
1015 3171 1064 3209 om.
1084 3156 1112 3208 A

171 3234 203 3283 13
222 3228 377 3283 uictoribus
396 3229 453 3283 suis
473 3230 511 3282 M
515 3269 522 3292 ,
540 3245 590 3283 orn.
610 3228 669 3281 ΑΡ
740 3233 773 3282 15
792 3226 1030 3281 coniurationibus
1049 3227 1077 3278 A

98 3304 133 3354 te
151 3299 271 3354 resectis
286 3299 346 3353 ΑΡ
416 3305 451 3354 20
470 3299 602 3354 Tribonio
621 3299 680 3352 ΑΡ
749 3304 783 3351 22
803 3297 996 3368 paratissimos
1015 3314 1112 3352 consu·

97 3370 171 3424 latos
189 3370 217 3422 A
271 3370 366 3424 24111
386 3410 391 3423 .
412 3412 417 3423 .
438 3368 558 3424 offensus
577 3369 741 3424 Rhenanus:
760 3368 790 3422 id
810 3411 815 3422 .
838 3411 843 3422 .
863 3367 999 3423 offensum
1017 3369 1075 3422 ΑΡ

97 3445 132 3496 28
150 3439 250 3494 timere
268 3442 295 3494 A
315 3442 372 3508 (sed
389 3439 483 3494 timeri
501 3443 581 3510 corr.)
