2422 3848
509 222 531 259 c.
553 210 711 260 112-114.
1054 206 1117 269 115

99 390 171 435 eum
203 370 361 432 facientem
392 371 461 431 vidi·
483 372 513 430 in
547 369 685 430 omnibus
719 369 817 450 bellis,
854 388 929 449 quae
965 370 1116 449 probanda

99 468 215 541 essent,
239 477 299 519 non
322 477 397 538 quae
420 461 524 539 utique
542 458 742 537 probarentur
765 477 907 539 sequens,
930 462 1032 537 paneis
1056 460 1116 520 die·

99 548 158 610 bus
181 550 361 629 exercitum,
386 550 437 626 qui
460 556 595 627 venerat,
618 547 653 607 ad
673 547 847 607 refovendas
871 565 906 606 ex
925 549 1032 607 itinere
1051 550 1117 608 eins

97 640 179 699 rires
208 644 354 717 moratuS,
387 654 455 696 cnm
485 654 553 695 eum
584 638 740 716 maiorem,
775 654 863 714 quam
893 643 926 696 nt
956 639 1116 714 temperari

67 733 215 807 sposset,
252 743 349 803 neque
382 723 509 784 habilem
541 723 742 802 gubernaculo
780 733 930 805 cerneret,
967 723 1116 785 dimittere

98 816 216 894 statuit,
240 821 475 892 prosecutusque
499 812 586 891 longo
611 820 641 872 et
663 831 805 891 perquam
829 811 975 872 laborIoso
999 814 1145 894 itineres

99 906 186 965 cuius
216 901 374 962 difficultas
404 904 518 961 narrari
550 903 598 960 vix
625 908 736 980 potest,
770 910 802 960 ut
834 919 930 978 neque
961 903 1116 962 universos

50 1028 52 1033 ·
98 994 257 1071 quisquam
281 989 403 1050 auderet
430 989 551 1069 adgredi
579 997 609 1049 et
636 997 751 1068 partem
779 988 1020 1070 digredientium,
1048 1009 1115 1050 sno-

97 1098 167 1140 rum
191 1080 317 1157 qnisqne
341 1086 423 1145 metu
444 1079 560 1157 linium,
584 1079 715 1137 universi
738 1085 882 1155 temptare
907 1095 966 1136 non
984 1086 1116 1158 possent,

54 1178 85 1219 1⁰
99 1169 217 1229 remisit
249 1161 298 1247 eo',
335 1166 413 1226 unde
446 1173 602 1246 venerant,
640 1174 669 1225 ct
700 1168 764 1245 ipsc
797 1168 976 1244 asperrimae
1009 1165 1115 1225 hiemis

97 1258 185 1316 initio
213 1273 369 1334 regressus
399 1254 523 1315 Sisciam
552 1254 677 1337 legatos,
706 1257 785 1314 inter
814 1273 888 1332 qrros
916 1257 972 1333 ipsi
996 1255 1115 1336 luimus,

96 1346 218 1425 partitis
241 1344 386 1423 praefecit
407 1342 550 1403 hibernis.

191 1429 262 1492 114.
300 1431 324 1491 Ο
348 1450 411 1491 rem
435 1432 515 1492 dictu
540 1449 599 1491 non
624 1434 816 1513 eminentem,
841 1431 892 1491 sed
915 1431 1006 1492 solida
1031 1449 1145 1497 vera-1

97 1538 157 1600 qne
181 1522 290 1581 virtute
314 1528 402 1598 atque
425 1519 551 1580 utilitate
577 1522 744 1601 maximam,
770 1522 952 1598 experientia
976 1523 1112 1580 suavissi-

55 1618 84 1659 1⁶
97 1627 190 1689 mam,
217 1607 399 1669 humanitate
423 1606 615 1686 singularem!
660 1627 714 1687 per
741 1626 828 1668 omne
852 1606 922 1667 belli
945 1606 1112 1668 Germanici

96 1696 319 1775 Pannonicique
349 1704 467 1776 tempos
497 1714 584 1756 nemo
617 1715 633 1757 e
666 1696 752 1756 nobis
784 1696 943 1774 gradomve
976 1704 1112 1756 nostrum

97 1794 149 1847 aut
171 1784 418 1864 praecedentibus
442 1792 493 1845 aut
516 1784 715 1862 sequentibus¹
737 1783 902 1845 imbecillus
929 1784 998 1865 luit,
1026 1787 1113 1844 cuius

97 1872 178 1935 salus
211 1891 244 1933 ao
276 1873 412 1934 valetudo
443 1892 504 1933 non
540 1875 581 1933 ita
613 1882 831 1934 sustentaretur
865 1871 998 1933 Caesaris
1031 1891 1111 1954 cura,

96 1970 247 2040 tamquam
271 1960 515 2022 distractissimus
538 1961 586 2021 ille
610 1970 760 2023 tantorum
789 1980 913 2021 onerum
941 1961 1018 2021 mole
1041 1961 1111 2021 hnic

56 2053 151 2111 noni
173 2052 292 2129 negotio
315 2058 432 2110 vacaret
455 2052 579 2111 animus.
624 2059 689 2111 erat
716 2050 953 2111 desiderantibus
976 2058 1142 2128 paratum2

95 2141 233 2200 iunctum
264 2138 446 2220 vehiculum,
478 2138 583 2199 lectica
616 2141 680 2199 eius
713 2138 874 2219 publicata,
907 2141 992 2199 cuins
1024 2157 1110 2200 nsnm

96 2246 166 2288 cum
189 2227 238 2287 alii
261 2234 324 2287 turn
348 2245 403 2305 ego
426 2229 519 2287 sensi:
547 2229 605 2287 iam
628 2227 748 2302 medici,
776 2229 833 2287 iam
862 2234 1021 2305 apparatus
1044 2227 1111 2307 cibi,

95 2318 154 2375 iam
186 2318 218 2375 in
249 2314 306 2375 hoc
338 2316 434 2376 solnm
466 2333 525 2376 una
557 2324 707 2394 portatum
739 2317 970 2375 instrumentum
1003 2314 1111 2374 balinei

96 2403 207 2464 nullius
230 2421 290 2463 non
314 2406 463 2464 succurrit
485 2403 659 2464 valetudini:
685 2404 791 2463 domus
815 2411 930 2463 tantum
954 2421 988 2462 ac
1012 2402 1110 2462 dome-

55 2502 82 2543 ’ὅ
96 2494 164 2553 stici
188 2491 323 2572 deerant,
355 2500 489 2552 ceterum
517 2491 603 2573 nihil,
632 2492 710 2570 quod
742 2491 778 2551 ab
805 2491 863 2551 illis
891 2500 941 2552 aut
965 2494 1110 2570 praestari

95 2587 147 2641 aut
167 2580 332 2640 desiderari
354 2588 464 2659 posset.
510 2580 634 2641 adiciam
656 2581 741 2660 illud,
769 2580 861 2661 qnod,
889 2582 1024 2658 quisquis
1052 2579 1141 2647 illis3

95 2667 280 2747 temporibus
304 2670 453 2749 interfuit,
476 2678 510 2728 ut
533 2669 601 2750 alia,
624 2687 699 2747 quae
723 2669 826 2750 retuli,
854 2677 994 2748 agnoscet
1016 2671 1108 2748 proti·

94 2774 166 2817 nus:
194 2755 275 2817 solus
299 2775 416 2836 semper
444 2775 521 2835 equo
544 2767 646 2818 vectus
670 2766 729 2838 est,
757 2757 838 2817 solus
866 2776 934 2837 cum
957 2760 1007 2837 iis,
1036 2775 1111 2834 quos

94 2846 282 2925 inritaverat,
309 2847 420 2905 maiore
442 2853 526 2924 parte
551 2848 726 2906 aestivarum
751 2846 971 2924 expeditionum
996 2847 1111 2905 cenavit

55 2944 81 2985 ³0
95 2932 218 2995 sedens:
250 2951 309 2993 non
340 2933 534 3011 sequentibus
567 2933 764 3015 disciplinam,
796 2942 942 3012 quatenus
975 2931 1109 3011 exemplo

167 3126 274 3189 iquae
294 3121 393 3188 cuique
412 3138 439 3189 p.
459 3121 593 3175 Heinsius
652 3127 683 3174 11
706 3119 824 3174 Sisciam
844 3120 891 3173 M:
912 3119 983 3173 Sisci
1000 3120 1058 3173 iam
1072 3120 1108 3187 A,

96 3190 210 3245 Sistiam
230 3192 259 3245 P
313 3198 345 3245 14
364 3190 515 3245 utilitatem
530 3193 557 3245 A
613 3197 645 3244 17
664 3190 782 3245 becillus
796 3191 823 3243 A
880 3196 912 3243 19
931 3189 1108 3244 distracbissi-

94 3280 156 3316 mus
175 3262 338 3317 litteriones:
357 3262 536 3316 distraximus
555 3262 613 3316 ΑΡ
631 3264 635 3329 Ι
656 3279 772 3331 operum
791 3261 941 3316 Sontenc'ns
1009 3267 1042 3315 20
1061 3276 1108 3314 ne-

94 3333 173 3403 gotio
192 3332 333 3388 Gelenius:
352 3332 458 3403 genitio
479 3334 555 3401 MA,
574 3348 624 3388 ona.
646 3333 674 3385 P
757 3339 789 3386 21
810 3350 891 3385 usum
910 3333 973 3386 odd.
993 3332 1109 3400 Lipsius

165 3409 199 3458 23
217 3418 274 3458 una
292 3422 319 3473 p.
340 3404 436 3459 orent:
455 3404 504 3457 uni
521 3422 549 3473 p.
568 3404 609 3469 A,
627 3403 809 3473 importatum
830 3403 857 3455 P
873 3404 877 3471 Ι
893 3402 990 3456 Baline
1009 3404 1036 3456 A

93 3478 128 3528 28
148 3490 220 3543 equo
240 3475 279 3529 P:
299 3491 332 3529 eo
351 3491 406 3542 quo
425 3475 452 3527 A
525 3480 559 3529 29
579 3475 708 3529 coenauit
726 3476 784 3528 ΑΡ

858 3561 894 3615 g*
