2422 3848
493 195 515 232 o.
537 184 658 233 10—12.
1042 179 1081 242 11

69 341 235 421 triumphos
258 342 446 422 honoresque
470 344 667 424 amplissimos
691 352 721 405 et
743 345 905 424 principale
926 340 1004 406 inre
1028 365 1081 424 pu-

68 430 144 491 blica
171 432 322 510 fastigium
349 441 561 512 extentumque
588 436 665 494 vitae
693 435 822 512 spatium
845 441 875 494 et
898 436 974 494 acris
997 437 1080 495 inno·

68 522 223 598 contisque
246 539 300 599 pro
323 521 497 599 republica
521 540 589 581 cum
616 523 745 583 inimicis
768 523 974 583 contentiones
998 532 1080 603 quat·

68 615 137 668 tuor
160 608 236 668 lilios
260 610 393 691 sustulit,
417 613 513 670 omnis
537 608 652 670 adultae
676 613 780 670 aetatis
794 610 879 690 vidit,
903 613 999 671 omnis
1013 612 1080 671 reli·

40 708 53 747 ⁵
68 699 132 774 quit
155 700 331 775 superstites
346 706 376 758 et
400 698 652 759 honoratissimos
690 701 800 759 mortui
824 701 888 759 eius
902 699 1012 760 lectum
1026 718 1080 779 pro
1097 711 1111 758 7

66 787 173 845 rostris
196 786 383 847 sustulerunt
407 794 547 865 quattuor
570 786 636 867 filii,
665 806 744 848 unus
767 787 931 847 consularis
955 799 985 848 et
1013 806 1080 848 cen-

67 876 178 954 soriuS,
201 873 276 933 alter
299 874 477 955 consulariS,
500 877 608 935 tertius
629 876 746 955 consul,
769 884 893 954 quartus
908 876 1081 936 candidatus

67 961 250 1042 consulatuS,
279 980 369 1039 quem
390 962 534 1021 honorem
558 963 681 1040 adeptus
705 972 759 1023 est.
795 963 852 1023 hoc
877 971 922 1024 est
940 966 1082 1025 nimirum

66 1052 159 1128 magis
183 1050 310 1110 feliciter
333 1050 369 1109 de
392 1052 452 1111 vita
475 1053 602 1129 migrare
627 1069 714 1128 quam
738 1053 823 1110 mori.
912 1046 924 1080 '

27 1151 52 1189 1⁰
158 1135 208 1199 12.
255 1137 397 1198 Universa
435 1139 540 1198 deinde
581 1141 721 1199 instincta
753 1141 784 1198 in
816 1138 927 1198 bellum
964 1139 1110 1220 Achaia,1

66 1229 151 1287 cuius
174 1246 243 1307 pars
267 1244 384 1308 magna,
408 1236 441 1287 ut
463 1227 677 1307 praediximus,
701 1226 835 1288 eiusdem
857 1227 967 1287 Metelli
985 1227 1079 1288 Mace·

65 1315 162 1375 donici
185 1319 295 1377 virtute
319 1318 468 1394 armisque
492 1317 585 1376 fracta
608 1323 684 1395 erat,
715 1318 840 1376 maxime
865 1314 1026 1376 Corinthiis
1049 1319 1080 1376 in

65 1421 145 1464 arma
173 1423 242 1465 cum
269 1402 407 1483 gravibus
434 1407 523 1464 ctiam
550 1407 581 1463 in
604 1405 753 1464 Romanos
780 1405 968 1464 contumeliis
994 1407 1079 1465 insti-

64 1492 215 1574 gantibus,
239 1494 404 1553 destinatus
427 1495 455 1552 ei
478 1492 554 1552 bello
578 1494 708 1570 gerendo
732 1492 837 1553 consul
860 1490 892 1552 L.
911 1492 1079 1554 Mummius.

26 1591 51 1632 1⁵
66 1590 95 1641 et
123 1582 178 1642 sub
207 1581 285 1641 idem
308 1589 438 1661 tempus,
462 1583 555 1659 magis
579 1583 646 1659 quia
669 1579 807 1640 volebant
829 1581 967 1661 Romani,
996 1582 1110 1660 quid-2

64 1670 195 1748 quidde
221 1668 512 1748 Carthaginiensibus
536 1669 699 1749 diceretur,
730 1669 866 1748 credere,
895 1687 983 1746 quam
1010 1672 1080 1748 quia
1114 1670 1116 1674 ’

64 1759 212 1819 credenda
244 1758 467 1837 adferebantur,
499 1760 603 1818 statuit
635 1763 755 1817 senatus
789 1755 995 1835 Carthaginem
1030 1776 1078 1817 ex·

64 1847 208 1907 scindere.
243 1849 284 1907 ita
299 1847 403 1907 eodem
417 1854 551 1925 tempore
566 1846 598 1905 P.
614 1845 712 1924 Scipio
727 1845 921 1925 AemilianuS,
936 1847 980 1904 vir
994 1847 1078 1905 avitis
1094 1858 1109 1906 3

64 1934 96 1995 P.
129 1934 259 1994 Africani
294 1936 485 2012 paternisque
522 1935 554 1994 L.
585 1933 670 1994 Pauli
705 1933 865 1994 virtutibus
903 1933 1079 2014 simillimus,

25 2022 203 2083 nomnibus
230 2021 300 2082 belli
328 2040 361 2081 ac
388 2030 473 2100 togae
503 2022 621 2083 dotibus
649 2024 819 2101 ingeniique
848 2040 881 2082 ac
911 2023 1079 2083 studiorum

65 2112 317 2171 eminentissimus
347 2109 457 2170 saeculi
485 2113 544 2191 sui,
573 2113 624 2189 qui
647 2110 722 2183 nihil
743 2113 774 2169 in
798 2113 856 2170 vita
878 2112 936 2171 nisi
958 2111 1078 2171 laudan-

65 2200 136 2260 dum
163 2207 213 2259 aut
241 2198 312 2258 lecit
339 2206 389 2257 aut
417 2198 490 2258 dixit
520 2217 553 2259 ac
577 2199 683 2278 sensit,
714 2216 803 2276 quem
826 2198 917 2258 Paulo
936 2201 1078 2279 genitum,

65 2288 234 2367 adoptatum
263 2305 279 2346 a
308 2287 445 2365 Scipione
474 2287 603 2347 Africani
633 2286 693 2345 silio
726 2286 867 2366 diximus,
900 2286 1077 2347 aedilitatem

64 2385 169 2454 petens
197 2375 301 2435 consul
329 2382 446 2435 creatus
479 2383 534 2435 est.
579 2374 689 2435 bellum
718 2372 887 2452 Carthagini
919 2376 977 2435 iam
1009 2381 1109 2434 antea

24 2476 50 2516 25
64 2464 217 2524 biennium
240 2483 256 2523 a
278 2463 430 2542 prioribus
454 2462 625 2523 consulibus
648 2462 772 2522 inlatum
795 2465 906 2523 maiore
926 2465 955 2523 vi
978 2463 1078 2523 intulit

65 2546 149 2634 (cum
171 2560 238 2612 ante
262 2553 293 2610 iu
307 2551 447 2630 Hispania
470 2551 577 2612 murali
599 2569 721 2632 corona,
744 2553 775 2611 in
790 2551 887 2612 Africa
902 2551 1077 2612 obsidionali

64 2641 190 2702 donatus
213 2649 306 2721 esset,
329 2642 359 2700 in
373 2639 514 2718 Hispania
528 2658 597 2700 vero
613 2642 702 2700 etiam
716 2658 753 2699 ex
766 2642 990 2718 provocatione,
1014 2642 1076 2718 ipse

135 2887 152 2934 2
175 2881 410 2948 extenuatumque
436 2880 504 2945 ΑΡ,
528 2896 575 2933 em.
599 2880 728 2935 Gelenius
832 2887 847 2934 9
871 2880 1022 2949 inmigrare
1041 2880 1078 2946 A,

64 2951 202 3020 emigrare
220 2951 294 3004 Inoo
374 2956 408 3004 10
431 2950 531 3004 deinde
549 2952 582 3003 nt
598 2950 786 3019 praediximus
805 2951 940 3005 instincta
957 2951 1025 3018 ΑΡ,
1047 2952 1080 3004 ut

63 3022 158 3090 proed.
180 3027 245 3090 post
267 3038 370 3091 magna
387 3023 484 3089 posuit
508 3022 627 3090 Madvig
645 3022 716 3082 Ado,
735 3022 775 3087 Il,
794 3026 845 3075 298
947 3027 978 3074 11
999 3021 1078 3075 cuius

63 3109 129 3161 pars
149 3092 308 3148 ...fracta
326 3093 428 3146 Ateius:
448 3109 512 3146 cum
530 3108 595 3161 pars
615 3093 850 3147 ...tractaAP
931 3098 963 3144 12
983 3091 1078 3145 Corin-

64 3162 121 3214 thia
140 3163 167 3215 A
266 3168 300 3216 14
322 3164 353 3217 L.
373 3163 437 3220 add.
456 3162 575 3232 Stauper
674 3168 707 3216 16
727 3161 994 3231 Carthaginensibus
1012 3163 1077 3231 ΑΡ,

63 3237 96 3285 ut
116 3233 173 3298 fere
189 3236 311 3302 semper!
332 3234 471 3289 diceretur
490 3234 529 3287 Μ
532 3257 539 3287 :
562 3232 707 3288 dicebatur
725 3233 784 3285 ΑΡ
811 3232 859 3287 ‘ba
882 3233 915 3286 ab
940 3232 996 3287 alio
1014 3249 1078 3302 quo·

61 3303 140 3371 piam
158 3305 282 3358 muitum
300 3305 420 3372 videtur,
438 3321 504 3358 nam
517 3319 575 3357 noo
587 3309 626 3357 est
639 3302 850 3371 chirographum
862 3303 968 3358 ambae
979 3305 1078 3359 udaia

63 3373 186 3441 nempt’
206 3374 343 3429 Reuertar
429 3380 462 3430 17
481 3373 628 3428 *excidere
647 3373 705 3427 ΑΡ
790 3378 825 3427 24
844 3375 953 3428 creatus
971 3374 1079 3429 bellum

69 3445 182 3500 Vossius
