2422 3848
109 183 155 249 ao
568 166 633 234 '11

110 352 172 412 tius
195 349 294 410 ltaliae
318 350 516 428 frequentiam
530 351 562 409 in
585 347 691 409 urbem
705 341 858 409 acciverat.
902 365 918 407 e
943 365 1001 425 qua
1023 347 1136 426 pulsus

111 438 241 517 collegae
273 440 518 517 optimatiumque
546 435 660 497 viribus
693 454 761 497 cum
788 438 820 495 in
848 434 1037 515 Campaniam
1065 444 1136 499 ten·

112 527 209 608 deret,
237 545 274 588 ex
301 528 477 588 auctoritate
505 533 626 586 senatus
655 523 826 585 consulatus
850 527 878 584 ei
901 523 1062 604 abrogatus
1085 533 1139 588 est

112 616 317 694 suffectusque
348 617 380 675 in
412 616 478 675 eius
509 613 609 674 locum
636 612 668 674 L.
695 611 852 673 Cornelius
878 613 992 675 Merula
1023 613 1140 680 flamen

113 703 207 764 dialis.
252 703 326 764 haec
354 704 468 763 iniuria'
493 701 614 762 homine
642 719 732 782 quam
758 701 892 781 exemplo
921 702 1038 782 dignior
1066 702 1167 767 initi

47 800 53 815 ⁶
84 800 180 852 4lum
194 791 289 853 Cinna
302 793 453 870 corruptis
475 793 572 870 primo
596 789 822 851 centurionibus
845 809 879 851 ac
903 791 1046 873 tribunis,
1066 810 1143 854 mox

117 882 207 941 etiam
230 898 282 960 spe
305 879 469 958 largitionis
491 879 649 960 militibus,
676 878 712 940 ab
741 896 777 938 eo
805 882 952 962 exercitu,
980 881 1032 959 qui
1055 882 1144 944 eirca

116 967 221 1029 Nolam
253 976 330 1048 erat,
362 976 502 1048 receptus
534 975 588 1029 est.
638 970 664 1028 is
694 986 763 1029 cum
795 970 953 1030 universus
985 971 1017 1029 in
1046 969 1144 1032 rerba

117 1059 182 1117 eius
209 1059 351 1138 iurasset,
379 1059 512 1118 retinens
539 1059 666 1136 insignia
689 1055 861 1118 consulatus
888 1060 1003 1137 patriae¹
1022 1056 1144 1122 bellum

115 1145 230 1227 intulit,
253 1145 350 1206 fretus
372 1147 487 1224 ingenti
509 1162 635 1206 numero
659 1163 805 1206 novorum
821 1147 942 1227 civium,
966 1165 982 1206 e
1006 1158 1179 1226 quorumll

116 1234 234 1295 delectu
258 1241 408 1294 trecentas
431 1233 557 1313 amplius
579 1232 718 1294 cohortes
733 1235 951 1313 conscripserat
965 1252 999 1295 ac
1013 1237 1145 1315 triginta

87 1320 268 1401 olegionum
290 1324 386 1382 instar
408 1321 589 1401 impleverat.
626 1339 701 1401 opus
723 1329 787 1382 erat
800 1321 936 1402 partibus
950 1325 1144 1408 auctoritate,

118 1413 204 1471 cuius
228 1409 378 1490 augendae
402 1412 496 1490 gratia
518 1408 550 1471 C.
573 1410 698 1472 Marium
727 1429 797 1471 cum
824 1410 884 1472 filio
911 1412 949 1472 de
978 1411 1067 1473 exilio
1091 1432 1143 1477 re·

116 1501 231 1559 vocavit
255 1500 365 1578 quique
390 1517 459 1560 cum
481 1501 519 1559 iis
541 1498 620 1579 pulsi
642 1508 736 1559 erant.

90 1597 105 1646 1
210 1584 263 1648 21.
303 1586 380 1648 llum
408 1586 519 1648 bellum
546 1595 646 1648 autem
676 1587 769 1648 infert
799 1591 912 1668 patriae
944 1588 1052 1671 Cinna,
1085 1590 1144 1654 Cn.
1157 1600 1178 1643 1⁶

105 1674 294 1758 Pompeius,
308 1676 406 1755 Magni
428 1683 526 1757 pater,
550 1679 636 1737 cuius
649 1676 801 1755 praeclara
815 1695 905 1756 opera
919 1677 996 1738 bello
1010 1677 1144 1742 Marsico

119 1767 280 1844 praecipue
309 1766 388 1825 circa
416 1764 560 1825 Picenum
586 1781 704 1844 agrum,
733 1772 767 1825 ut
794 1768 1056 1848 praescripsimuS,
1085 1787 1145 1830 usa

121 1861 187 1913 erat
208 1871 258 1913 res
280 1852 400 1932 publica
422 1856 533 1933 quique
552 1852 694 1914 Asculum
717 1861 849 1935 ceperat,
873 1857 952 1916 circa
975 1872 1065 1933 quam
1082 1875 1144 1935 ur·
1194 1858 1199 1873 ¹

118 1940 200 2022 bem,
225 1959 294 2001 cum
316 1944 348 2001 in
371 1941 474 2002 multis
497 1941 561 2002 aliis
575 1941 748 2021 regionibus
770 1945 921 2004 exercitus
944 1943 1073 2023 dispersi
1096 1946 1144 2006 io·

120 2037 201 2111 rent,
234 2031 366 2108 quinque
399 2037 430 2090 et
460 2032 646 2109 septuaginta
675 2030 755 2090 milia
787 2033 896 2093 civium
926 2031 1177 2117 Romanorum!

89 2117 248 2196 aamplius
271 2120 422 2196 sexaginta
436 2118 607 2179 Italicorum
629 2137 689 2179 una
712 2120 759 2180 die
783 2119 990 2202 conflixerant,
1013 2120 1142 2184 frustra·

122 2214 171 2266 lus
195 2224 247 2285 spe
270 2207 462 2268 continuandi
486 2207 657 2269 consulatus
680 2210 721 2268 ita
744 2226 776 2268 se
800 2208 922 2270 dubium
946 2209 1143 2290 mediumque

121 2294 258 2374 partibus
280 2298 445 2377 praestitit,
473 2305 506 2357 ut
534 2299 633 2356 omnia
656 2315 692 2356 ex
714 2299 836 2376 proprio
860 2317 917 2359 usu
941 2306 1042 2378 ageret
1065 2306 1143 2361 tem-

122 2383 306 2462 poribusque
334 2384 468 2445 insidiari
495 2385 661 2466 videretur,
689 2391 720 2444 et
745 2384 805 2446 hue
833 2393 921 2467 atque
944 2387 1027 2467 illuc,
1058 2389 1142 2450 unde

122 2490 190 2550 spes
205 2475 299 2531 maior
314 2472 483 2534 adlnlsisset
496 2476 656 2554 potentiae,
670 2491 702 2535 se
718 2476 942 2554 exercitumque
957 2474 1143 2539 deflecteret.
1155 2482 1175 2529 ὅ

89 2560 174 2619 ased
198 2561 234 2619 ad
257 2560 394 2621 ultimum
417 2579 523 2640 magno
547 2563 701 2640 atrocique
723 2562 837 2640 proelio
861 2581 930 2624 cum
952 2563 1045 2625 Cinna
1069 2583 1142 2627 con-

193 2806 208 2855 5
228 2800 371 2855 hominem
390 2818 475 2869 quam
492 2801 520 2854 A
538 2817 607 2859 corr.
627 2819 660 2856 err
677 2803 790 2856 homine
808 2803 923 2872 inquam
997 2811 1012 2858 6
1031 2804 1139 2876 primo]

119 2875 185 2958 prid
198 2889 226 2942 A
280 2894 297 2943 8
315 2889 460 2944 universos
474 2889 532 2942 AP
586 2896 618 2944 13
637 2891 731 2960 palie
747 2891 824 2944 cuius
839 2892 984 2962 augendae
999 2894 1144 2963 (augenda

120 2960 160 3029 A)
183 2960 249 3028 ΑΡ,
277 2962 449 3029 transposuit
472 2961 648 3028 praecedente
676 2961 777 3016 Orellio
801 2962 921 3033 Madvig
949 2964 994 3032 (af.
1014 2962 1054 3030 Π,’
1070 2971 1095 3033 6,
1116 2971 1142 3019 2.

120 3037 163 3097 99,
182 3035 223 3101 4);
249 3033 368 3086 alioranr
390 3032 561 3085 coniecturas
581 3048 606 3087 a.
630 3033 707 3100 apnd
724 3032 867 3087 Kritrianr
883 3033 887 3105 l
902 3035 997 3088 rnalirn
1019 3034 1144 3090 Marium

119 3103 189 3169 (sine
207 3102 249 3171 Ο.)
319 3108 351 3156 17
370 3101 560 3171 praediximus
578 3102 689 3165 nermo
709 3104 974 3173 suprascripsimus
993 3104 1107 3161 Friebel

119 3178 155 3226 20
173 3179 246 3233 ᾖ,
266 3190 299 3227 ac
316 3173 414 3227 deinde
430 3179 485 3233 ῑῑὶ,
505 3173 539 3240 P,
562 3189 613 3228 nos
630 3176 782 3243 posteriore
805 3176 861 3229 loco
879 3175 959 3229 milia
984 3192 1042 3230 nan
1060 3177 1148 3233 adai:

119 3244 211 3297 dimac
229 3245 272 3312 (in
283 3243 311 3296 P
325 3259 414 3298 omnes
426 3246 542 3313 numeri,
561 3261 619 3298 non
635 3246 722 3299 solnm
737 3246 896 3313 millenarii,
916 3247 1017 3302 lineam
1030 3248 1141 3317 labent,

117 3315 190 3367 aetat
209 3316 275 3367 ante
293 3317 330 3373 ἶ,
348 3318 446 3386 annos)
532 3321 566 3369 22
586 3314 661 3370 OOS.
681 3316 756 3371 sulio
774 3333 804 3370 se
822 3316 850 3369 A
939 3324 972 3372 23
991 3320 1024 3371 ui
1041 3335 1092 3373 ora.
1113 3320 1143 3374 A

118 3454 140 3506 fi
172 3389 205 3438 25
226 3383 363 3439 adfuisset
380 3386 444 3456 AP,
467 3403 515 3442 era.
535 3386 646 3454 Aldus!
667 3388 795 3456 potentin
817 3403 877 3442 esse
896 3388 932 3457 A,
956 3389 1021 3456 fort.
1040 3391 1142 3458 poten-

141 3470 176 3507 ae
194 3470 256 3508 sese
