2422 3848
108 172 170 236 108
596 169 623 224 Π

76 351 91 398 1
198 335 269 398 106.
299 336 357 396 Pro
377 337 418 396 dii
435 336 519 416 boni,
543 337 646 415 quanti
664 334 823 395 voluminis
841 353 932 412 opera
950 335 1125 412 insequenti

106 433 217 486 aestate
246 426 301 486 sub
332 424 408 504 duce
436 424 556 486 Tiberio
584 423 709 505 Caesare
737 421 896 502 gessimus!
941 422 1125 502 perlustrata

107 515 196 573 armis
222 522 283 574 tota
306 512 463 574 Germania
490 521 549 593 est,
576 515 670 572 victae
690 520 802 590 gentes
829 529 923 590 paene
951 509 1126 581 nominibus

106 605 286 682 incognitae,
318 610 457 681 receptae
489 599 677 661 Cauchorum
709 600 857 660 nationes:
889 601 985 659 omnis
1018 617 1125 659 eorum

106 693 245 751 iuventus
267 690 381 751 infinita
405 707 544 769 numero,
572 691 716 749 immensa
744 686 932 769 corporibus,
961 689 1020 748 situ
1043 686 1152 747 loco-⁵

108 797 176 838 rum
199 779 348 838 tutissima
370 777 487 838 traditis
506 779 596 837 armis
617 781 676 837 una
699 794 768 836 cum
786 774 913 837 ducibus
936 777 999 836 suis
1021 783 1126 855 saepta

107 867 233 944 fulgenti
255 873 426 945 armatoque
446 865 574 926 militum
592 873 765 926 nostrorum
784 865 899 942 agmine
913 871 981 925 aute
996 865 1124 943 impera·

78 957 183 1016 uteris
210 953 371 1034 procubuit
398 953 537 1015 tribunal.
583 954 670 1014 fracti
698 951 895 1032 Langobardi,
928 970 1001 1031 gens
1034 953 1125 1012 etiam

108 1042 255 1102 Germana
276 1043 394 1103 feritate
418 1043 559 1122 ferocior3
588 1041 719 1120 denique
744 1041 824 1118 quod
852 1058 1014 1118 numquam
1037 1048 1126 1102 antea

108 1149 161 1209 spe
181 1138 367 1211 conceptum,
390 1130 501 1191 nedum
520 1148 610 1210 opere
629 1136 806 1209 temptatum
829 1136 902 1209 erat,
924 1129 960 1189 ad
983 1128 1124 1207 quadrin-
1137 1143 1163 1184 1⁰

108 1222 306 1297 gentesimum
333 1218 492 1278 miliarium
518 1237 535 1277 a
560 1216 664 1278 Rheno
692 1235 787 1295 usque
816 1218 852 1277 ad
879 1217 990 1277 flumen
1017 1216 1126 1298 Albim,

109 1309 160 1385 qni
176 1306 359 1366 Semnonum
368 1305 707 1384 Hermundurorumque
721 1307 796 1366 fines
809 1305 1004 1387 praeterfluit,
1017 1305 1124 1366 Roma·

79 1411 167 1459 enus
191 1413 259 1455 cum
282 1396 375 1472 signis
397 1393 562 1473 perductus
584 1395 743 1455 exercitus.
779 1401 810 1453 et
834 1393 938 1454 eodem
961 1395 1037 1453 mira
1060 1393 1124 1454 feli·

110 1485 198 1543 citate
221 1491 252 1543 et
270 1500 342 1542 cura
360 1481 458 1563 ducis,
483 1491 650 1561 temporum
669 1500 789 1561 quoque
807 1480 994 1542 observantia
1011 1481 1125 1562 classis,

109 1589 184 1648 quae
212 1570 324 1631 Oceani
351 1572 652 1649 circumnavigarerat
678 1572 775 1650 sinus,
807 1568 844 1629 ab
871 1569 1005 1631 inaudito
1034 1578 1124 1649 atque
1137 1582 1162 1624 1⁵

108 1660 258 1738 incognito
291 1666 359 1719 ente
391 1661 466 1719 mari
496 1658 619 1719 flumine
646 1657 712 1718 Albi
744 1657 896 1738 subvecta,
928 1658 1123 1737 plurimarum

109 1749 242 1826 gentium
264 1749 388 1808 victoria
405 1755 502 1826 parta
521 1765 590 1808 oum
608 1746 861 1808 abundantissima
874 1764 977 1807 rerum
990 1749 1125 1808 omnium

109 1838 194 1915 copia
217 1838 362 1897 exercitui
385 1835 562 1915 Caesarique
585 1839 746 1898 seiunxit.

80 1942 93 1988 1
201 1921 273 1985 107.
318 1923 384 1984 Non
407 1933 540 2005 tempero
564 1925 637 1986 mihi
660 1927 733 2004 quin
760 1933 858 1986 tantae
886 1942 988 1987 rerum
1012 1927 1124 2004 magni-

109 2012 206 2073 tudini
234 2011 304 2092 boc,
337 2013 550 2092 qualecumque
579 2022 637 2094 est,
669 2017 806 2075 inseram.
857 2033 926 2075 cum
953 2016 1124 2076 citeriorem
1138 2029 1163 2070 ao

109 2103 204 2179 ripam
226 2101 370 2178 praedicti
397 2101 527 2162 fluminis
555 2104 661 2163 castris
688 2120 917 2182 occupassemns
945 2111 976 2163 et
998 2101 1125 2163 ulterior

109 2197 220 2248 armata
252 2188 382 2250 bostium
414 2193 566 2251 iuventute
598 2190 739 2271 fulgeret,
771 2189 827 2252 sub
846 2188 977 2251 'omnem
1009 2200 1126 2251 motum

109 2284 310 2356 conatumque
329 2286 499 2339 nostrarum
516 2281 636 2339 narium
649 2282 786 2358 protinus
800 2279 1026 2359 refugientium,
1044 2296 1125 2340 ulnus

110 2385 126 2426 e
145 2365 279 2426 barbaris
297 2373 392 2427 aetate
411 2369 523 2447 senior,
542 2385 668 2445 corpore
682 2364 843 2447 erfcellens,
857 2369 1016 2447 dignitate,
1030 2385 1123 2445 quan·

109 2463 173 2513 tum
192 2454 367 2515 ostendebat
385 2455 496 2535 crdtus,
519 2456 667 2535 eminens,
685 2463 832 2535 cavatum,
855 2463 889 2516 ut
906 2454 964 2515 illis
983 2473 1048 2514 mos
1067 2462 1123 2535 est,
1136 2469 1163 2510 rs

110 2560 146 2600 ex
173 2543 296 2602 materia
324 2543 498 2603 conscendit
524 2542 639 2603 alveum
667 2541 807 2620 solusque
835 2543 866 2603 id
893 2544 1001 2622 navigii
1028 2561 1124 2622 genus

109 2639 279 2708 temperans
302 2630 338 2689 ad
362 2630 492 2691 medium
514 2632 661 2710 processit
683 2630 813 2691 fluminis
837 2639 867 2691 et
889 2633 989 2712 petiit,
1018 2630 1126 2691 liceret

184 2853 246 2908 lin
264 2851 392 2922 sequenti
409 2853 437 2907 A
508 2855 588 2907 3esl
605 2855 655 2910 del.
674 2853 804 2910 Herelius
876 2855 1019 2911 dinfinilo
1037 2856 1066 2910 A

112 2933 127 2979 o
145 2924 315 2980 tutissimam
332 2926 361 2978 A
434 2929 449 2979 7
468 2925 640 2979 armatorum
657 2925 783 2981 Lcaueut
845 2932 862 2980 8
880 2926 1060 2996 Langobardi
1074 2926 1114 2981 Μ
1116 2948 1124 2982 2

109 2997 170 3050 Lon
170 2994 288 3065 goberdi
305 2995 363 3049 ΑΡ
451 3000 467 3048 9
486 2997 601 3050 auleas
622 3011 651 3050 es
669 2997 698 3049 A
714 3012 784 3053 corr.
803 3014 838 3052 ec
855 3001 920 3052 ente
939 2997 986 3067 olp
988 3013 1018 3052 es

111 3074 144 3121 11
158 3066 296 3121 AibimA
349 3073 382 3120 12
402 3064 543 3120 Senonum
560 3067 625 3134 A,
644 3083 691 3120 ean.
707 3067 851 3123 Puteanus
866 3071 871 3136 1
886 3015 1124 3123 Hermundurum-

111 3155 165 3205 que
182 3138 248 3204 AP,
266 3154 313 3194 em.
333 3138 431 3192 Miller
530 3142 565 3191 14
581 3138 795 3206 temporumque
815 3156 839 3194 o
858 3139 994 3194 Heinsius

111 3214 145 3263 16
164 3208 249 3263 morie
267 3207 381 3262 flumine
399 3207 457 3263 labi
475 3208 503 3262 A
576 3213 609 3261 17
627 3209 710 3277 parte
728 3210 888 3266 addidimus
908 3207 1018 3278 (victrix
1037 3208 1125 3269 Mad·

110 3281 166 3347 cip)
238 3286 270 3334 18
289 3279 468 3348 Caesarisque
486 3279 514 3333 A
578 3284 611 3332 21
630 3277 807 3336 ulterioruA
869 3286 904 3335 22
922 3280 1076 3335 iuueritute
1083 3279 1123 3334 P:

110 3349 215 3404 uirtute
233 3351 261 3404 A
346 3357 380 3404 22
400 3350 532 3405 conabum
550 3351 712 3418 motumque
732 3349 845 3420 Iacobo,
868 3351 1030 3419 motumque
1050 3349 1125 3417 MA,

110 3422 219 3474 motum
238 3421 277 3487 P;
301 3421 353 3476 olii
370 3421 450 3519 allud
467 3420 635 3491 suppleuere,
653 3437 677 3477 u.
697 3421 737 3476 ed
756 3421 848 3476 Kritz.
923 3427 961 3476 23
981 3421 1077 3476 auium
1095 3391 1125 3475 A
