2422 3848
138 171 181 235 56
633 171 659 224 ΙΙ

139 340 250 398 morari
273 339 361 416 cogit.
403 337 451 396 lric
474 335 657 396 nobilissima
680 335 824 396 loliorum
847 336 966 414 genitus
989 333 1102 394 familia
1123 344 1165 416 et,

140 426 219 504 quod
241 428 321 486 inter
343 428 439 485 omnis
462 426 646 503 antiquitatis
670 424 819 484 studiosos
843 423 1009 504 constabat,
1036 421 1074 483 ab
1099 423 1163 484 An·

140 514 221 574 cbise
250 533 284 574 ac
307 513 421 574 Venere
450 512 601 573 deducens
629 530 737 594 genus,
765 513 860 573 forma
886 513 1019 572 omnium
1047 513 1165 573 civium

140 602 418 682 excellentissimus,
463 603 563 679 vigore
608 602 698 661 animi
737 602 915 681 acerrimus,
955 601 1167 661 munificentia

140 692 351 771 effusissimus,
379 693 476 749 animo
499 707 590 767 super
616 688 775 750 humanam
799 696 829 750 et
852 698 988 763 naturam
1015 696 1046 750 et
1069 689 1189 750 lidems

140 787 275 859 erectus,
298 778 499 856 magnitudine
520 779 745 859 cogitationum,
769 778 920 838 celeritate
943 776 1086 858 bellandi,
1111 797 1166 858 pa·

139 870 243 927 tientia
265 866 468 946 periculorum
490 866 595 945 Magno
623 865 665 926 illi
687 865 868 945 Alexandro,
896 865 948 926 sed
976 865 1079 926 sobrio
1109 885 1165 929 ne-

109 970 198 1033 uque
222 955 364 1015 iracundo
389 954 570 1034 simillimus,
598 957 650 1033 qui
676 956 805 1034 denique
834 972 952 1034 semper
979 962 1010 1015 et
1037 954 1108 1015 cibo
1134 966 1167 1017 et

142 1061 245 1103 somno
268 1046 300 1103 in
323 1046 426 1124 vitam,
449 1062 508 1103 non
531 1046 563 1103 in
588 1043 766 1122 voluptatem
786 1051 936 1124 uteretur,
959 1061 1028 1103 cum
1051 1044 1167 1106 luisset

141 1131 171 1192 C.
203 1131 295 1191 Mario
331 1135 473 1211 sanguine
507 1134 769 1192 coniunctissimus
806 1140 893 1210 atque
931 1132 1010 1191 idem
1047 1130 1166 1211 Cinnae
1178 1149 1198 1189 u

140 1238 245 1301 gener,
277 1223 364 1281 cuius
396 1221 485 1280 tiliam
523 1228 557 1279 ut
591 1220 761 1298 repudiaret
793 1219 875 1280 nullo
907 1228 989 1281 metu
1021 1222 1166 1301 compelli

139 1310 251 1388 potuit,
275 1326 344 1368 cnm
366 1307 403 1368 M.
422 1307 492 1367 Piso
511 1307 676 1368 consularis
694 1307 833 1389 Anniam,
857 1327 932 1387 quae
953 1307 1063 1369 Cinnae
1083 1328 1166 1372 uxor

141 1396 251 1476 iuerat,
288 1399 320 1455 in
353 1394 451 1455 Sullae
484 1396 646 1456 dimisisset
676 1398 814 1477 gratiam,
848 1396 1061 1476 habuissetque
1094 1399 1165 1461 fere

141 1482 343 1562 duodeviginti
367 1501 460 1543 annos
488 1503 524 1544 eo
547 1493 694 1562 tempore,
724 1503 783 1563 quo
808 1484 889 1546 Sulla
917 1503 1020 1546 rerum
1044 1488 1165 1565 potitus

141 1579 200 1652 est,
227 1575 320 1651 magis
344 1574 488 1632 ministris
513 1572 610 1633 Sullae
639 1573 884 1652 adiutoribusque
911 1577 1041 1653 partium
1069 1593 1164 1653 quam
1177 1588 1198 1631 o

139 1661 204 1739 ipso
236 1659 483 1740 conquirentibus
512 1680 582 1721 eum
614 1660 650 1721 ad
680 1680 786 1721 necem
817 1670 929 1722 mutata
960 1671 1042 1722 veste
1074 1663 1165 1725 dissi·

141 1749 301 1829 milemque
316 1751 453 1810 fortunae
473 1768 544 1810 suae
558 1749 681 1810 indutus
700 1750 833 1811 habitum
847 1759 935 1811 nocte
950 1750 1024 1812 urbe
1039 1751 1165 1831 elapsus

111 1845 197 1901 sest.
243 1838 323 1898 idem
345 1847 449 1917 postea
471 1838 629 1899 admodum
649 1841 777 1920 iuvenis,
801 1857 870 1899 cum
892 1857 908 1899 a
930 1841 1035 1918 piratis
1054 1849 1166 1920 captus

144 1935 237 2006 esset,
264 1928 305 1986 ita
328 1944 360 1986 se
383 1944 548 2005 peremne
572 1928 715 2007 spatium,
742 1945 801 2004 quo
825 1926 862 1987 ab
884 1930 921 1988 iis
945 1935 1082 1988 retentus
1106 1941 1166 2013 est,

143 2012 220 2091 apud
245 2032 296 2073 eos
315 2016 420 2095 gessit,
444 2023 477 2075 ut
494 2017 606 2094 pariter
625 2017 662 2075 iis
681 2018 790 2075 terrori
808 2019 1051 2094 venerationique
1071 2029 1199 2099 essetis

143 2119 240 2179 neque
269 2120 410 2181 umquam
437 2111 488 2164 aut
515 2111 602 2163 nocte
634 2111 686 2164 aut
717 2104 764 2164 die
797 2098 868 2187 (cur
894 2107 973 2165 enim
1003 2105 1083 2183 quod
1115 2107 1166 2168 rel

142 2192 303 2250 maximum
335 2199 394 2272 est,
432 2193 457 2251 si
489 2194 604 2252 narrari
640 2191 739 2253 verbis
776 2195 918 2271 speciosis
955 2211 1014 2253 non
1050 2202 1165 2278 potest,

142 2273 332 2361 omittaturP)
365 2288 416 2340 aut
448 2280 668 2341 excalcearetur
700 2288 751 2341 ant
779 2280 1010 2361 discingeretur,
1041 2283 1074 2342 in
1102 2282 1164 2345 boc

140 2366 270 2447 scilicet,
293 2385 330 2427 ne
353 2370 379 2427 si
403 2369 520 2447 quando
540 2369 649 2448 ailquid
673 2386 709 2428 ex
728 2368 814 2428 solito
834 2371 974 2450 variaret,
997 2379 1162 2448 suspectus

139 2456 189 2535 iis,
213 2457 265 2533 qui
288 2455 382 2516 oculis
405 2458 608 2518 tantummodo
632 2475 701 2518 eum
725 2456 945 2539 custodiebant,
968 2458 1056 2518 foret.
1172 2474 1196 2516 ss

109 2562 122 2608 1
226 2539 279 2602 42.
325 2542 459 2623 Longum
490 2553 536 2629 est¹
562 2563 699 2624 narrare,
730 2545 800 2623 quid
831 2552 861 2605 et
893 2548 1032 2624 quotiens
1064 2564 1160 2609 ausus

139 2632 191 2709 sit,
220 2639 329 2709 quanto
353 2651 443 2711 opere
468 2643 572 2694 conata
596 2636 661 2694 eius
689 2635 741 2712 qui
769 2631 922 2694 obtinebat
943 2633 1042 2693 Asiam
1066 2639 1160 2715 magi·

139 2726 250 2779 stratus
271 2720 372 2799 poprdi
391 2720 516 2782 Romani
534 2730 616 2783 metu
636 2739 690 2782 sno
710 2715 893 2804 destituerit:
915 2721 988 2783 illud
1006 2722 1160 2785 referatur

210 2947 226 2996 2
245 2941 443 3012 *antiquitatis
463 2943 603 2999 studiosos
623 2945 675 3012 (oet
694 2943 842 3013 curiosos):
861 2943 1071 3013 antiquissimos
1090 2944 1160 3016 ΑΡ,

139 3012 315 3081 antiquitatis
338 3015 446 3084 peritos
471 3014 569 3081 Orelli,
596 3014 670 3068 inter
695 3014 785 3069 omnis
809 3018 932 3084 constat,
960 3014 1162 3083 antiquissime

137 3085 298 3152 Acidaliae,
322 3086 398 3154 quod
421 3084 610 3140 monumentis
633 3085 834 3154 antiquissimis
857 3088 1006 3141 constabat
1026 3086 1161 3158 bernayo

209 3155 452 3210 tmunificentiae
471 3154 652 3210 otiosissimus
670 3157 739 3225 ΑΡ,
759 3174 806 3211 em.
827 3157 955 3212 Gelenius
1011 3162 1027 3212 5
1047 3157 1158 3230 enimc]

137 3225 250 3280 omnino
269 3227 348 3295 Lips.
431 3232 447 3280 8
467 3227 497 3280 et
514 3226 577 3282 cibo
597 3229 626 3280 et
644 3244 741 3282 somno
760 3227 801 3282 A:
821 3229 851 3281 et
868 3245 966 3282 somno
985 3231 1016 3282 et
1033 3227 1098 3283 cibo
1119 3230 1157 3298 Ρ,

136 3297 170 3363 ef.
190 3297 331 3366 Kreyssiq.
346 3313 377 3365 p.
397 3296 515 3351 XXXIII
570 3304 602 3352 19
622 3314 721 3368 seper
741 3298 779 3351 M
782 3321 789 3351 ε
808 3314 918 3368 semper
935 3300 993 3353 ΑΡ
1008 3299 1011 3366 Ι
1027 3298 1073 3352 his
1087 3299 1158 3370 ΑΡ,

136 3367 199 3420 item
216 3383 240 3421 u.
260 3373 296 3421 20
313 3373 339 3421 et
356 3372 390 3422 25
410 3369 466 3437 (bic
483 3369 510 3421 A
528 3367 594 3439 hiis)
685 3375 719 3423 21
739 3370 789 3423 eut
806 3369 852 3424 die
871 3372 921 3424 unt
937 3372 1020 3426 nocte
1039 3369 1067 3422 A

136 3441 171 3491 28
190 3438 268 3490 metu
286 3436 427 3494 Gelenius:
446 3441 526 3494 motu
543 3441 601 3494 ΑΡ
615 3443 620 3510 Ι
635 3439 787 3496 destituere
805 3438 865 3493 ΑΡ
