2422 3848
147 177 190 240 98
644 178 671 230 Π

148 343 304 404 consulum
327 361 410 403 more
434 361 467 403 ac
486 345 656 424 severitate,
675 344 828 423 gessisset,
851 344 1048 421 protraxisset
1065 342 1162 421 publi·

149 449 291 492 canorum
314 431 446 512 fraudes,
473 434 609 512 punisset
632 433 796 511 avaritiam,
823 432 1001 509 regessisset
1025 433 1056 491 in
1080 449 1162 490 aera-

148 523 226 580 rium
254 522 395 598 pecunias
422 519 568 600 publicas,
598 527 662 579 tum
691 521 722 578 in
751 520 879 578 comitiis
906 517 1050 578 habendis
1077 537 1163 598 prae·

117 611 269 687 ecipuum
293 609 353 685 egit
371 606 537 668 consulem:
560 613 677 667 namet
699 615 891 684 quaesturam
913 614 1064 688 petentes,
1086 625 1165 685 quos

147 697 284 775 indignos
311 696 463 776 iudicavit,
494 696 630 774 profiteri
656 697 762 775 vetrrit,
798 703 840 775 et,
871 713 940 754 cum
971 695 1001 754 id
1023 696 1191 780 lacunosa

150 803 182 844 se
201 791 441 864 perseverarent,
460 783 659 864 consularem,
678 785 705 843 si
722 785 753 843 in
773 801 909 862 campum
930 783 1166 864 descendissent,

118 872 308 932 evindictam
331 875 460 933 minatus
484 881 544 952 est,
574 879 606 932 et
627 870 785 950 Egnatium
808 871 964 932 llorentem
988 872 1087 931 lavore
1111 890 1165 951 pu·

149 960 226 1020 blico
248 968 476 1040 sperantemque
500 968 534 1021 ut
551 968 722 1039 praeturam
739 959 895 1040 aedilitati,
917 961 959 1019 ita
977 959 1166 1020 consulatum

149 1056 307 1127 praeturae
336 1067 367 1110 se
394 1051 583 1128 iunctarum,
610 1049 745 1127 profiteri
767 1050 874 1128 vetuit,
901 1055 931 1108 et
959 1066 1027 1108 cum
1049 1047 1080 1107 id
1103 1066 1165 1108 non

150 1137 341 1219 obtinuisset,
364 1138 484 1218 iuravit,
508 1139 597 1197 etiam
620 1139 646 1196 si
666 1137 762 1197 lactus
786 1144 865 1196 esset
888 1135 992 1196 consul
1015 1137 1165 1215 suffragiis
1179 1153 1205 1193 ro

120 1225 266 1306 opopuli,
304 1235 402 1286 tamen
435 1243 467 1285 se
500 1232 569 1285 enm
603 1221 662 1284 non
694 1220 943 1285 renuntiaturum.
999 1225 1078 1302 quod
1111 1242 1167 1303 ego

150 1315 262 1373 sactum
294 1312 416 1374 cuilibet
446 1321 581 1373 veterum
614 1311 769 1373 consulum
797 1312 906 1391 gloriae
935 1312 1167 1391 comparandum

151 1419 234 1480 reor,
258 1403 315 1461 nisi
338 1401 418 1478 quod
437 1400 613 1461 naturaliter
635 1401 735 1462 audita
757 1402 827 1460 visis
848 1400 1002 1461 laudamus
1024 1399 1167 1462 libentius

151 1497 181 1548 et
209 1491 376 1568 praesentia
403 1488 525 1568 invidia,
552 1490 712 1567 praeterita
738 1490 928 1550 veneratione
955 1491 1167 1567 prosequimur

152 1564 190 1636 et‘
203 1577 251 1636 his
274 1595 328 1637 nos
352 1576 452 1657 obrui,
474 1576 531 1636 illis
553 1578 663 1637 instrui
686 1575 844 1638 credimus.
1179 1593 1205 1634 15

65 1661 88 1691 ²‘
122 1677 135 1723 1
241 1661 293 1726 93.
338 1666 414 1726 Ante
440 1667 604 1725 triennium
627 1665 705 1746 iere,
732 1683 821 1743 quam
843 1664 1040 1744 Egnatianum
1068 1666 1168 1727 scelrrs

153 1762 338 1834 erumperet,
361 1755 440 1814 eirca
462 1753 603 1814 lllurenae
622 1752 837 1833 Caepionisque
856 1755 1069 1815 coniurationis
1091 1762 1167 1815 tem·

153 1861 223 1923 pus,
260 1840 366 1903 abhinc
399 1859 492 1902 annos
524 1843 750 1922 quinquaginta,
783 1841 821 1902 Μ.
848 1841 1018 1922 Marcellus,
1054 1844 1168 1924 sororis

154 1932 281 2007 Atrgusti
304 1928 441 1990 Octaviae
469 1929 560 2010 filius,
580 1947 678 2008 quam
705 1928 839 1990 homines
867 1933 921 2011 ita,
948 1932 974 1990 si
997 1931 1069 2008 qnid
1090 1932 1168 1992 acci-

156 2018 250 2077 disset
277 2015 408 2097 Caesari,
441 2034 645 2078 successorem
674 2020 825 2097 potentiae
851 2021 916 2079 eius
947 2017 1170 2080 arbitrabantur
1182 2036 1207 2076 ao

155 2107 304 2187 loturum,
331 2112 365 2166 ut
392 2114 490 2166 tamen
518 2105 548 2165 id
576 2123 630 2184 per
650 2105 690 2166 lu.
713 2106 872 2186 Agrippam
900 2125 1006 2167 securo
1029 2109 1057 2167 ei
1079 2125 1169 2185 posse

156 2195 328 2271 contingere
365 2211 426 2253 non
462 2188 679 2274 existimarent,
717 2195 1008 2273 magnificentissimo
1043 2213 1170 2256 munere

156 2281 312 2343 aedilitatis
336 2283 416 2342 edito
440 2282 568 2343 decessit
585 2282 744 2343 admodum
761 2284 890 2363 iuvenis,
913 2301 997 2363 sane,
1020 2293 1055 2345 ut
1077 2285 1170 2364 aiunt,

154 2374 352 2448 ingenuarum
374 2373 519 2431 virtutum
542 2369 696 2448 laetusque
719 2372 808 2430 animi
832 2379 862 2432 et
883 2373 995 2449 ingenii
1018 2372 1168 2432 fortunae·

125 2470 228 2538 aque,
251 2461 282 2517 in
306 2475 394 2536 quarn
413 2457 558 2539 alebatur,
582 2476 680 2537 capax.
712 2466 781 2537 post
798 2461 884 2519 cuius
904 2458 1207 2542 obitum·lgrippa,ea

156 2547 209 2621 qui
235 2544 291 2605 sub
319 2548 418 2624 specie
449 2547 685 2606 ministeriorum
716 2546 924 2626 principalium
954 2548 1109 2626 proiectus
1137 2549 1169 2608 in

155 2634 268 2713 Asiam,
294 2640 328 2693 ut
356 2633 433 2693 lama
455 2633 601 2714 loquitur,
628 2633 666 2694 ob
690 2636 793 2694 tacitas
820 2653 890 2696 cum
911 2634 1049 2695 Marcello
1077 2636 1168 2697 offen·

157 2721 256 2780 siones
289 2722 439 2799 praesenti
471 2739 502 2780 se
527 2721 717 2782 subduxerat
748 2725 888 2803 tempori,
924 2741 1063 2784 reversus
1099 2723 1169 2784 inde

156 2807 245 2867 filiam
278 2807 412 2868 Caesaris
448 2807 564 2889 luliam,
602 2827 690 2888 qnam
725 2812 757 2870 in
792 2813 979 2872 matrimonio
1013 2810 1170 2873 ldarcellus

156 2895 312 2978 habuerat,
340 2895 425 2957 duxit
453 2915 591 2979 uxerem,
621 2899 759 2959 seminam
790 2917 886 2978 neque
914 2899 970 2959 sibi
998 2916 1096 2978 neque
1124 2901 1170 2960 rei
1183 2920 1206 2960 co

155 2984 290 3064 publicae
314 2984 409 3045 felicis
432 2987 520 3046 uteri.

156 3207 263 3278 [vetere
282 3253 288 3264 .
304 3250 332 3264 ..
353 3211 514 3282 severitate]
532 3209 645 3266 Kranae
700 3218 713 3265 1
734 3226 767 3265 aa
780 3210 924 3281 gravitate
939 3208 1036 3279 Orelli,
1056 3225 1089 3265 ac
1108 3226 1171 3265 san·

157 3279 255 3334 ctiiate
273 3280 399 3336 Lacerant
470 3289 487 3337 4
505 3281 587 3353 qnos]
607 3281 681 3350 qnod
699 3282 727 3335 A
803 3288 819 3336 9
837 3281 965 3352 profiteri
983 3297 1033 3361 om.
1052 3282 1081 3335 A

157 3356 192 3472 {3
210 3351 399 3477 pppfflalff
478 3359 511 3406 23
531 3354 563 3406 ut
580 3352 660 3407 aiunt
677 3351 733 3424 ing.
754 3353 830 3407 MA:
848 3351 906 3437 ing
923 3353 1054 3407 ulerunt
1072 3350 1102 3405 P
