2422 3848
523 167 545 205 c.
566 156 688 204 ae-aa.
1071 147 1114 213 83

99 317 226 396 puderet
248 318 429 378 vindicatum
456 318 546 376 armis
574 333 607 375 ac
634 314 725 395 drictu
748 316 842 393 patris
866 317 913 375 sui
934 333 1016 376 mare
1040 316 1114 375 inle-

99 415 177 466 stare
201 408 334 485 piraticis
357 403 529 466 sceleribus,

189 490 238 555 74.
276 493 390 554 Fractis
413 493 563 553 Brutianis
578 490 785 570 Cassianisque
808 491 944 570 partibus
967 490 1143 553 Antoniust

99 584 311 642 transmarinas
324 581 461 642 obiturus
475 581 643 660 provincias
657 579 799 640 substitit.
834 578 942 640 Caesar
956 581 987 639 in
1001 579 1114 640 ltaliam

72 687 131 730 sse
155 673 269 749 recepit
292 688 416 748 eamque
440 669 526 748 longe
550 687 638 747 quarn
662 675 831 747 speraverat
854 668 1114 729 tumultuosiorem

99 761 240 837 repperit.
287 761 396 837 quippe
420 757 452 817 L.
469 758 615 817 Antonius
639 756 756 838 consul,
779 759 919 817 vitiorum
943 757 1044 816 fratris
1068 759 1144 817 suit
1206 770 1209 775 ·

99 865 237 927 consors,
265 847 499 926 sedvirtutum,
529 862 604 923 quae
631 844 783 905 interdum
810 847 841 904 in
864 845 914 904 illo
938 852 1036 927 erant,
1064 864 1114 905 ex·

98 953 182 1015 pers,
214 934 302 994 modo
334 933 412 1012 apud
439 941 595 993 veteranos
624 935 797 993 criminatus
826 930 994 1012 Caesarem,
1026 933 1113 993 modo

99 1041 162 1102 eos,
187 1024 238 1099 qui
260 1025 341 1082 iussa
364 1021 508 1081 divisione
530 1021 721 1100 praediorum
744 1022 961 1098 nominatisque
989 1021 1114 1081 coloniis

57 1128 186 1190 magnos
219 1113 391 1191 amiserant,
427 1109 462 1169 ad
495 1127 575 1170 arma
607 1111 747 1169 conciens
779 1127 918 1187 magnum
951 1112 1114 1170 exercitum

99 1198 286 1259 conflaverat.
337 1216 374 1259 ex
402 1198 493 1258 altera
523 1206 607 1277 parte
640 1215 715 1257 rixor
742 1195 863 1257 Antonii
894 1196 1009 1278 Fulvia,
1041 1197 1145 1258 nibi13

98 1285 242 1347 muliebre
266 1295 386 1365 praeter
409 1303 518 1365 corpus
541 1303 661 1367 gerens,
689 1287 787 1345 omnia
810 1287 900 1345 armis
923 1286 1113 1364 tumultuque

97 1374 249 1435 miscebat.
295 1375 367 1435 haec
395 1373 465 1434 belli
493 1373 593 1434 sedem
616 1374 777 1434 Praeneste
806 1381 939 1454 ceperat3
967 1374 1113 1435 Antonius

97 1463 202 1541 pulsus
230 1463 361 1542 undique
390 1462 502 1523 viribus
526 1462 660 1522 Caesaris
688 1461 842 1521 Perusiam
873 1480 905 1522 se
934 1462 1112 1523 contulerat:

57 1569 83 1607 15
97 1551 237 1632 Plancus,
261 1551 493 1611 Antonianarum
513 1549 630 1610 adiutor
644 1551 773 1629 partium
777 1598 786 1630 ,
810 1568 892 1628 spem
908 1552 1001 1629 magis
1016 1560 1113 1611 osten-

98 1639 181 1699 derat
209 1639 322 1720 auxilii,
353 1657 441 1718 quam
469 1656 557 1717 opem
584 1636 699 1698 lerebat
721 1639 858 1698 Antonio.
903 1656 977 1698 usus
1005 1637 1144 1699 Caesari

99 1731 207 1788 virtnte
240 1735 271 1788 et
302 1729 420 1787 fortuna
454 1744 507 1787 sua
535 1726 689 1786 Perusiam
720 1727 905 1804 expugnavit.
952 1726 1114 1786 Antonium

98 1815 270 1876 inviolatum
293 1815 418 1895 dimisit,
446 1817 478 1874 in
501 1813 663 1875 Perusinos
690 1816 783 1892 magis
806 1816 850 1873 ira
874 1813 1000 1875 militum
1024 1833 1113 1893 quam

98 1903 247 1964 voluntate
272 1905 416 1963 saevitum
440 1902 537 1963 deicis:
560 1901 634 1963 urbs
656 1904 792 1984 incensa,
816 1903 902 1962 cuius
926 1904 1044 1964 initium
1067 1905 1108 1962 in·

54 2010 82 2049 ao
98 1991 200 2051 cendii·
217 1994 358 2070 princeps
382 1992 446 2050 oius
473 1990 532 2050 loci
559 1991 630 2051 lecit
647 1990 868 2072 MacedonicuS,
898 1993 950 2069 qui
978 1990 1112 2052 subiecto

97 2078 188 2139 rebus
217 2098 250 2139 ac
278 2077 436 2158 penatibus
464 2080 527 2144 suis
554 2080 616 2157 igni
644 2079 818 2139 transfixum
847 2098 877 2138 se
906 2078 1001 2157 gladio
1032 2080 1113 2141 llam-

96 2185 161 2226 mae
185 2166 294 2228 intulit.

188 2254 238 2316 75.
274 2255 333 2314 Per
357 2253 459 2315 eadem
487 2263 621 2336 tempora
644 2263 794 2316 exarserat
816 2258 848 2315 in
872 2254 1028 2334 Campania
1052 2256 1141 2316 bel—1

97 2345 173 2423 lum,
198 2343 276 2422 quod
299 2343 454 2422 professus
478 2361 595 2425 eorum,
619 2345 671 2422 qui
685 2343 876 2423 perdiderant
890 2363 989 2425 agros,
1012 2351 1110 2423 patro-

54 2449 82 2488 as
98 2434 210 2492 oinium
243 2431 339 2492 ciebat
366 2431 410 2491 Ti.
439 2431 578 2492 Claudius
605 2431 684 2491 Nero
715 2434 884 2511 praetorius
912 2441 942 2492 et
968 2433 1111 2515 pontifex,

97 2520 140 2580 Ti.
161 2522 294 2580 Caesaris
317 2528 416 2601 pater,
439 2521 538 2598 magni
558 2522 603 2579 vir
626 2522 716 2580 animi
739 2520 961 2600 doctissimique
985 2523 1109 2600 ingenii:

96 2608 126 2667 id
160 2627 278 2686 quoque
311 2607 438 2668 adventu
472 2607 605 2668 Caesaris
639 2608 789 2687 sepultum
821 2617 908 2688 atque
942 2609 1109 2670 discussum

94 2705 149 2756 est.
196 2700 262 2775 quis
285 2697 422 2757 lortunae
446 2698 638 2776 mutationes,
662 2700 729 2775 quis
753 2697 858 2758 dubios
881 2716 984 2759 rerum
1006 2699 1140 2760 huma-2

168 2919 313 2974 lductum
330 2921 358 2973 A
431 2919 602 2975 tueletibus
620 2918 757 2974 Robubeu
830 2921 990 2990 erepperit
1007 2921 1047 2975 A:
1066 2937 1108 2974 re-

93 2989 168 3058 perit
187 2989 216 3041 P
339 2997 355 3044 o
374 2989 449 3044 iussa
466 2990 612 3044 Heinsius:
632 2989 703 3044 iuste
722 2990 787 3058 ΑΡ,
805 2990 909 3044 iniusta
928 2993 979 3060 (vel
995 2991 1107 3059 iniuste)

92 3060 217 3129 Lepsios,
235 3061 265 3114 in
283 3061 338 3115 ista
356 3060 476 3130 Sauppe,
495 3059 624 3114 instituta
641 3060 791 3130 Ruhnken,
809 3060 963 3122 novissima
983 3060 1108 3116 Wilbelru

118 3131 225 3185 colonis
242 3131 309 3197 ΑΡ,
327 3148 375 3196 qm.
394 3131 528 3185 Heinsius
610 3137 642 3184 12
661 3131 868 3199 tumultumque
886 3132 914 3184 A
998 3138 1029 3186 13
1049 3131 1107 3186 bel-

104 3201 129 3254 is
147 3202 206 3255 ΑΡ
282 3208 314 3257 15
334 3217 412 3271 spem
433 3201 471 3256 P:
491 3219 503 3255 s
525 3218 540 3255 e
560 3202 623 3255 MA
701 3207 735 3256 18
754 3201 913 3256 demisitA
992 3208 1107 3271 ttpro-

94 3271 269 3327 diderantA
359 3279 392 3327 25
411 3277 436 3327 et
454 3278 488 3326 26
503 3220 562 3352 Hi]
583 3273 614 3326 T
632 3272 691 3326 ΑΡ
775 3272 871 3327 tenir
891 3272 928 3327 P:
948 3273 1105 3345 uiriMAl

92 3343 303 3469 ppelpispimique
335 3344 404 3398 AP:
441 3342 643 3411 recbssim1que
681 3343 813 3414 Mudeip,
850 3343 1108 3415 promptissimique

123 3432 141 3468 u
159 3431 230 3469 uec

857 3480 903 3559 c*'
