2422 3848
77 192 106 227 ιν
479 170 687 224 PRAEFATIO

78 318 203 380 rhenani
225 317 368 378 volumini
391 320 542 378 tricesimo
561 337 589 397 p.
604 313 669 378 535
683 336 726 396 sq.
745 320 857 378 inserta
872 317 1051 383 demonstra

78 408 151 467 mihi
174 407 284 467 videor.
317 407 392 466 Nam
415 426 483 468 oum
507 404 708 486 apographum
726 405 912 466 Amerhachii
934 425 971 466 ex
990 414 1051 465 cort

79 494 227 576 exemplo,
250 496 329 574 qarod
353 498 452 575 operis
474 494 668 555 Frobenianis
691 494 727 554 ad
751 512 855 553 manus
879 503 955 573 erat,
984 494 1051 554 desc

78 592 163 663 ptum
187 586 239 665 sit,
262 584 325 644 sere
349 583 481 643 divinare
499 601 673 663 possumus,
697 600 772 660 quae
792 601 866 642 nora
887 584 956 643 vitia
979 585 1010 643 in
1035 602 1049 642 e

78 675 159 733 tione
182 675 317 752 principe
340 674 449 751 partim
468 670 689 750 typothetarum
711 673 819 750 partim
842 670 977 730 Rhenani
1000 674 1051 749 ipsi

77 762 165 840 culpa
187 763 219 820 in
242 762 406 820 orationem
428 759 606 820 Velleianam
628 759 718 819 inlata
746 762 813 819 sint.
860 758 972 829 Quodsi
996 778 1049 819 exe

77 849 173 929 plum,
198 866 257 926 quo
272 867 345 909 usus
360 856 405 908 est
419 847 646 928 amerbachius,
665 849 802 907 noniam
819 847 904 908 foede
920 857 1051 926 corrupta

16 990 20 996 .
72 944 156 1017 erat,
187 934 259 997 illud
284 938 370 1015 sequi
392 937 523 1017 videtur,
545 935 740 996 Amerhachio
764 938 907 996 maiorem
934 936 1051 996 fidem]

76 1024 205 1084 hendam
232 1043 297 1085 esse
328 1043 415 1103 quam
443 1025 530 1103 vulgo
561 1025 644 1086 solet.
689 1025 772 1085 ldem
801 1027 869 1086 inde
903 1025 1051 1104 intellegit

77 1114 157 1192 quod
181 1131 284 1174 omnes
307 1115 369 1174 fere
394 1111 560 1193 scripturae
584 1115 712 1192 optimae
733 1121 833 1193 notae,
857 1131 930 1191 quas
949 1113 1051 1173 Bureri

78 1220 114 1261 ex
138 1202 239 1262 codice
263 1201 401 1282 protulit,
425 1201 547 1269 eaedem
564 1203 595 1260 in
614 1201 782 1280 apographo
797 1201 1029 1261 Amerhachiano
1050 1222 1051 1259 1

79 1292 248 1350 veniuntur.
294 1289 339 1349 Ex
368 1291 433 1350 eius
463 1288 597 1369 exemplo
629 1289 702 1348 illud
731 1307 850 1367 quoque
874 1289 947 1348 mihi
975 1288 1051 1366 quida

76 1379 234 1456 perspicue
259 1377 377 1438 elucere
397 1378 527 1458 videtur,
541 1376 714 1457 Ermerium,
737 1395 915 1456 quamquam
929 1394 989 1435 non
1004 1395 1052 1435 mo

77 1483 181 1526 versus
205 1484 274 1526 cum
301 1466 450 1547 versibus,
478 1466 531 1525 sed
558 1466 673 1526 litteras
702 1484 771 1526 cum
797 1465 906 1525 litteris
932 1483 963 1524 se
988 1475 1051 1524 cont

73 1553 147 1613 iisse
171 1553 317 1635 adfirmat,
341 1554 448 1615 multas
467 1554 560 1613 bonas
582 1553 725 1614 lectiones
745 1554 863 1613 silentio
885 1556 1051 1613 transmisis

76 1641 107 1701 id
136 1643 216 1721 quod
243 1645 275 1702 in
301 1643 509 1703 dissertatione
538 1660 628 1720 supra
661 1651 821 1703 memorata
854 1641 925 1700 mihi
955 1642 1051 1701 docuit

77 1729 188 1790 videor.
223 1730 299 1790 Num
323 1733 440 1811 ipsein
464 1728 651 1790 diiudicando
675 1749 750 1809 quae
769 1731 912 1790 lectiones
936 1730 971 1788 ah
992 1730 1051 1789 Ama

77 1817 182 1879 bachio
204 1819 328 1880 traditae
352 1819 439 1879 fidem
457 1818 585 1898 habeant
603 1836 697 1879 necne
717 1827 828 1879 rectam
847 1820 922 1877 viam
938 1820 1051 1895 ingress

78 1909 147 1986 sim,
171 1906 295 1967 aliorum
319 1910 376 1970 erit
398 1894 550 1967 iudicium.
586 1905 671 1980 Quod
695 1914 794 1967 autem
817 1909 1018 1967 recentiorum
1043 1925 1051 1965 r

77 2012 126 2054 ras
154 1997 272 2075 attinet,
300 1998 372 2055 scite
400 1994 562 2073 Madvigius
589 1997 620 2055 in
647 1995 891 2056 Adversariorum
920 1997 1052 2054 criticora

77 2080 133 2142 rol.
156 2081 191 2142 lt.
214 2102 243 2161 p.
267 2080 331 2144 298
354 2082 500 2143 iudicasse
527 2083 659 2165 videtur,
686 2083 777 2144 Vellei
799 2083 892 2144 libros
920 2083 1037 2143 edituro

76 2172 176 2250 potius
195 2171 340 2249 agendum
360 2190 438 2253 esse,
461 2179 496 2233 ut
513 2172 600 2233 honis
615 2192 631 2233 a
645 2171 851 2252 superioribus
867 2173 995 2230 inventis
1010 2187 1051 2228 ret

77 2265 192 2340 utatur,
226 2278 312 2338 quam
340 2263 369 2320 in
398 2263 482 2321 novis
509 2261 694 2340 reperiendis
726 2278 758 2320 se
786 2266 931 2335 torqueat.
981 2255 1051 2314 Rerr

76 2346 206 2408 indicem
235 2366 345 2408 novum
372 2350 568 2428 confecimus,
600 2365 690 2426 quem
719 2346 880 2424 legentium
908 2345 976 2404 usui
1005 2363 1050 2421 par

73 2435 311 2496 commodiorem
333 2437 559 2514 quampriores
582 2437 679 2495 visum
703 2435 766 2495 iore
791 2433 973 2493 confidimus.

149 2551 254 2622 Scripsi
271 2551 414 2606 Monachii
431 2567 527 2606 mense
546 2551 705 2623 Septembri
723 2568 748 2605 a.
769 2555 845 2606 lato.

750 2710 881 2776 carolus
903 2710 1002 2777 Halm.
