<?xml version="1.0" encoding="UTF-8"?>
<!DOCTYPE html PUBLIC "-//W3C//DTD XHTML 1.0 Transitional//EN"
    "http://www.w3.org/TR/xhtml1/DTD/xhtml1-transitional.dtd">
<html xmlns="http://www.w3.org/1999/xhtml" xml:lang="en" lang="en">
 <head>
  <title>
</title>
<meta http-equiv="Content-Type" content="text/html;charset=utf-8" />
  <meta name='ocr-system' content='tesseract 3.04.00' />
  <meta name='ocr-capabilities' content='ocr_page ocr_carea ocr_par ocr_line ocrx_word'/>
</head>
<body>
  <div class='ocr_page' id='page_1' title='image "./exhistoriaeroma00pategoog_0045.png"; bbox 0 0 2422 3848; ppageno 0'>
   <div class='ocr_carea' id='block_1_1' title="bbox 112 194 633 261">
    <p class='ocr_par' dir='ltr' id='par_1_1' title="bbox 112 194 633 261">
     <span class='ocr_line' id='line_1_1' title="bbox 112 194 633 261; baseline -0.006 0"><span class='ocrx_word' id='word_1_1' title='bbox 112 197 155 261; x_wconf 80' lang='lat'><strong>34</strong></span> <span class='ocrx_word' id='word_1_2' title='bbox 605 194 633 248; x_wconf 87' lang='grc' dir='ltr'>Π</span> 
     </span>
    </p>
   </div>
   <div class='ocr_carea' id='block_1_2' title="bbox 109 357 1133 530">
    <p class='ocr_par' dir='ltr' id='par_1_2' title="bbox 109 357 1133 530">
     <span class='ocr_line' id='line_1_2' title="bbox 109 357 1133 445; baseline -0.005 -22"><span class='ocrx_word' id='word_1_3' title='bbox 109 364 179 445; x_wconf 86' lang='lat' dir='ltr'><strong>fuit,</strong></span> <span class='ocrx_word' id='word_1_4' title='bbox 203 357 326 445; x_wconf 92' lang='lat' dir='ltr'><strong>(horum</strong></span> <span class='ocrx_word' id='word_1_5' title='bbox 348 361 437 422; x_wconf 88' lang='lat' dir='ltr'><strong>fidem</strong></span> <span class='ocrx_word' id='word_1_6' title='bbox 451 361 696 441; x_wconf 83' lang='lat' dir='ltr'><strong>Mytilenaeorum</strong></span> <span class='ocrx_word' id='word_1_7' title='bbox 709 359 832 440; x_wconf 86' lang='lat' dir='ltr'><strong>pertidia</strong></span> <span class='ocrx_word' id='word_1_8' title='bbox 850 358 1051 439; x_wconf 79' lang='lat' dir='ltr'><strong>inluminavit,</strong></span> <span class='ocrx_word' id='word_1_9' title='bbox 1076 361 1133 437; x_wconf 93' lang='lat' dir='ltr'><strong>qui</strong></span> 
     </span>
     <span class='ocr_line' id='line_1_3' title="bbox 109 446 1132 530; baseline -0.003 -19"><span class='ocrx_word' id='word_1_10' title='bbox 109 450 155 511; x_wconf 85' lang='grc' dir='ltr'><strong>Μ’.</strong></span> <span class='ocrx_word' id='word_1_11' title='bbox 170 451 321 530; x_wconf 80' lang='lat' dir='ltr'><strong>Aquilium</strong></span> <span class='ocrx_word' id='word_1_12' title='bbox 341 452 473 529; x_wconf 89' lang='lat' dir='ltr'><strong>aliosque</strong></span> <span class='ocrx_word' id='word_1_13' title='bbox 487 449 649 510; x_wconf 84' lang='lat' dir='ltr'><strong>Mithridati</strong></span> <span class='ocrx_word' id='word_1_14' title='bbox 663 452 778 509; x_wconf 84' lang='lat' dir='ltr'><strong>vinctos</strong></span> <span class='ocrx_word' id='word_1_15' title='bbox 793 448 992 528; x_wconf 86' lang='lat' dir='ltr'><strong>tradiderunt,</strong></span> <span class='ocrx_word' id='word_1_16' title='bbox 1015 446 1132 526; x_wconf 93' lang='lat' dir='ltr'><strong>quibus</strong></span> 
     </span>
    </p>
   </div>
   <div class='ocr_carea' id='block_1_3' title="bbox 38 535 1167 2742">
    <p class='ocr_par' dir='ltr' id='par_1_3' title="bbox 38 535 1167 2742">
     <span class='ocr_line' id='line_1_4' title="bbox 109 535 1132 617; baseline -0.005 -17"><span class='ocrx_word' id='word_1_17' title='bbox 109 540 230 601; x_wconf 91' lang='lat' dir='ltr'><strong>libertas</strong></span> <span class='ocrx_word' id='word_1_18' title='bbox 257 542 289 600; x_wconf 95' lang='lat' dir='ltr'><strong>in</strong></span> <span class='ocrx_word' id='word_1_19' title='bbox 317 542 407 601; x_wconf 90' lang='lat' dir='ltr'><strong>unius</strong></span> <span class='ocrx_word' id='word_1_20' title='bbox 434 538 622 617; x_wconf 83' lang='lat' dir='ltr'><strong>Theophanis</strong></span> <span class='ocrx_word' id='word_1_21' title='bbox 652 540 776 616; x_wconf 81' lang='lat' dir='ltr'><strong>gratiam</strong></span> <span class='ocrx_word' id='word_1_22' title='bbox 808 546 911 616; x_wconf 87' lang='lat' dir='ltr'><strong>postea</strong></span> <span class='ocrx_word' id='word_1_23' title='bbox 939 555 955 596; x_wconf 92' lang='lat' dir='ltr'><strong>a</strong></span> <span class='ocrx_word' id='word_1_24' title='bbox 982 535 1132 615; x_wconf 88' lang='lat' dir='ltr'><strong>Pompeio</strong></span> 
     </span>
     <span class='ocr_line' id='line_1_5' title="bbox 109 622 1132 710; baseline -0.004 -22"><span class='ocrx_word' id='word_1_25' title='bbox 109 632 248 689; x_wconf 90' lang='lat' dir='ltr'><strong>restituta</strong></span> <span class='ocrx_word' id='word_1_26' title='bbox 275 622 336 710; x_wconf 90' lang='lat' dir='ltr'><strong>est)</strong></span> <span class='ocrx_word' id='word_1_27' title='bbox 364 646 433 688; x_wconf 91' lang='lat' dir='ltr'><strong>cum</strong></span> <span class='ocrx_word' id='word_1_28' title='bbox 460 626 603 687; x_wconf 91' lang='lat' dir='ltr'><strong>terribilis</strong></span> <span class='ocrx_word' id='word_1_29' title='bbox 630 625 729 687; x_wconf 88' lang='lat' dir='ltr'><strong>ltaliae</strong></span> <span class='ocrx_word' id='word_1_30' title='bbox 753 645 873 705; x_wconf 91' lang='lat' dir='ltr'><strong>quoque</strong></span> <span class='ocrx_word' id='word_1_31' title='bbox 895 625 1048 685; x_wconf 90' lang='lat' dir='ltr'><strong>videretur</strong></span> <span class='ocrx_word' id='word_1_32' title='bbox 1073 627 1132 685; x_wconf 90' lang='lat' dir='ltr'><strong>im·</strong></span> 
     </span>
     <span class='ocr_line' id='line_1_6' title="bbox 77 715 1159 800; baseline -0.002 -24"><span class='ocrx_word' id='word_1_33' title='bbox 77 720 236 800; x_wconf 85' lang='lat' dir='ltr'><strong>4minere,</strong></span> <span class='ocrx_word' id='word_1_34' title='bbox 267 724 348 777; x_wconf 91' lang='lat' dir='ltr'><strong>sorte</strong></span> <span class='ocrx_word' id='word_1_35' title='bbox 376 715 496 776; x_wconf 86' lang='lat' dir='ltr'><strong>obvenit</strong></span> <span class='ocrx_word' id='word_1_36' title='bbox 519 715 617 776; x_wconf 85' lang='lat' dir='ltr'><strong>Sullae</strong></span> <span class='ocrx_word' id='word_1_37' title='bbox 640 715 709 775; x_wconf 81' lang='lat' dir='ltr'><strong>Asia</strong></span> <span class='ocrx_word' id='word_1_38' title='bbox 730 717 890 794; x_wconf 88' lang='lat' dir='ltr'><strong>provincia.</strong></span> <span class='ocrx_word' id='word_1_39' title='bbox 935 716 962 773; x_wconf 92' lang='lat' dir='ltr'><strong>is</strong></span> <span class='ocrx_word' id='word_1_40' title='bbox 985 726 1159 792; x_wconf 82' lang='lat' dir='ltr'><strong>egressus⁵</strong></span> 
     </span>
     <span class='ocr_line' id='line_1_7' title="bbox 108 797 1133 885; baseline -0.003 -19"><span class='ocrx_word' id='word_1_41' title='bbox 108 805 184 866; x_wconf 90' lang='lat' dir='ltr'><strong>urbe</strong></span> <span class='ocrx_word' id='word_1_42' title='bbox 213 824 282 866; x_wconf 91' lang='lat' dir='ltr'><strong>oum</strong></span> <span class='ocrx_word' id='word_1_43' title='bbox 312 807 392 865; x_wconf 89' lang='lat' dir='ltr'><strong>circa</strong></span> <span class='ocrx_word' id='word_1_44' title='bbox 414 799 518 863; x_wconf 91' lang='lat' dir='ltr'><strong>Nolam</strong></span> <span class='ocrx_word' id='word_1_45' title='bbox 541 812 708 865; x_wconf 90' lang='lat' dir='ltr'><strong>moraretur</strong></span> <span class='ocrx_word' id='word_1_46' title='bbox 731 797 856 885; x_wconf 91' lang='lat' dir='ltr'><strong>(quippe</strong></span> <span class='ocrx_word' id='word_1_47' title='bbox 881 820 915 863; x_wconf 92' lang='lat' dir='ltr'><strong>ea</strong></span> <span class='ocrx_word' id='word_1_48' title='bbox 937 801 1011 862; x_wconf 90' lang='lat' dir='ltr'><strong>urbs</strong></span> <span class='ocrx_word' id='word_1_49' title='bbox 1034 804 1133 880; x_wconf 88' lang='lat' dir='ltr'><strong>perti·</strong></span> 
     </span>
     <span class='ocr_line' id='line_1_8' title="bbox 110 889 1133 972; baseline -0.003 -18"><span class='ocrx_word' id='word_1_50' title='bbox 110 896 266 954; x_wconf 91' lang='lat' dir='ltr'><strong>nacissime</strong></span> <span class='ocrx_word' id='word_1_51' title='bbox 290 911 371 953; x_wconf 89' lang='lat' dir='ltr'><strong>arma</strong></span> <span class='ocrx_word' id='word_1_52' title='bbox 394 892 541 953; x_wconf 89' lang='lat' dir='ltr'><strong>retinebat</strong></span> <span class='ocrx_word' id='word_1_53' title='bbox 563 895 756 971; x_wconf 82' lang='lat' dir='ltr'><strong>exercituque</strong></span> <span class='ocrx_word' id='word_1_54' title='bbox 772 892 904 952; x_wconf 86' lang='lat' dir='ltr'><strong>Romano</strong></span> <span class='ocrx_word' id='word_1_55' title='bbox 925 889 1133 972; x_wconf 84' lang='lat' dir='ltr'><strong>obsidebatur,</strong></span> 
     </span>
     <span class='ocr_line' id='line_1_9' title="bbox 109 980 1133 1062; baseline -0.001 -21"><span class='ocrx_word' id='word_1_56' title='bbox 109 982 190 1042; x_wconf 87' lang='lat' dir='ltr'><strong>velut</strong></span> <span class='ocrx_word' id='word_1_57' title='bbox 221 985 386 1061; x_wconf 89' lang='lat' dir='ltr'><strong>paeniteret</strong></span> <span class='ocrx_word' id='word_1_58' title='bbox 415 984 479 1042; x_wconf 92' lang='lat' dir='ltr'><strong>eius</strong></span> <span class='ocrx_word' id='word_1_59' title='bbox 511 982 593 1062; x_wconf 85' lang='lat' dir='ltr'><strong>fidei,</strong></span> <span class='ocrx_word' id='word_1_60' title='bbox 625 999 714 1060; x_wconf 94' lang='lat' dir='ltr'><strong>quam</strong></span> <span class='ocrx_word' id='word_1_61' title='bbox 746 983 878 1040; x_wconf 92' lang='lat' dir='ltr'><strong>omnium</strong></span> <span class='ocrx_word' id='word_1_62' title='bbox 910 980 1133 1040; x_wconf 85' lang='lat' dir='ltr'><strong>sanctissimam</strong></span> 
     </span>
     <span class='ocr_line' id='line_1_10' title="bbox 78 1064 1131 1152; baseline -0.001 -23"><span class='ocrx_word' id='word_1_63' title='bbox 78 1070 187 1130; x_wconf 74' lang='lat' dir='ltr'><strong>cbello</strong></span> <span class='ocrx_word' id='word_1_64' title='bbox 209 1073 400 1150; x_wconf 89' lang='lat' dir='ltr'><strong>praestiterat</strong></span> <span class='ocrx_word' id='word_1_65' title='bbox 412 1064 555 1152; x_wconf 89' lang='lat' dir='ltr'><strong>Punico),</strong></span> <span class='ocrx_word' id='word_1_66' title='bbox 578 1069 610 1130; x_wconf 93' lang='lat' dir='ltr'><strong>P.</strong></span> <span class='ocrx_word' id='word_1_67' title='bbox 633 1070 782 1148; x_wconf 85' lang='lat' dir='ltr'><strong>Sulpicius</strong></span> <span class='ocrx_word' id='word_1_68' title='bbox 805 1068 945 1130; x_wconf 91' lang='lat' dir='ltr'><strong>tribunus</strong></span> <span class='ocrx_word' id='word_1_69' title='bbox 959 1068 1008 1148; x_wconf 88' lang='lat' dir='ltr'><strong>pl.,</strong></span> <span class='ocrx_word' id='word_1_70' title='bbox 1031 1067 1131 1128; x_wconf 89' lang='lat' dir='ltr'><strong>diser·</strong></span> 
     </span>
     <span class='ocr_line' id='line_1_11' title="bbox 107 1158 1167 1241; baseline -0.007 -23"><span class='ocrx_word' id='word_1_71' title='bbox 107 1167 156 1219; x_wconf 91' lang='lat' dir='ltr'><strong>tus</strong></span> <span class='ocrx_word' id='word_1_72' title='bbox 161 1208 170 1240; x_wconf 92' lang='lat'><strong>,</strong></span> <span class='ocrx_word' id='word_1_73' title='bbox 193 1178 275 1241; x_wconf 88' lang='lat' dir='ltr'><strong>acer,</strong></span> <span class='ocrx_word' id='word_1_74' title='bbox 299 1159 405 1237; x_wconf 91' lang='lat' dir='ltr'><strong>opibus</strong></span> <span class='ocrx_word' id='word_1_75' title='bbox 419 1161 513 1238; x_wconf 84' lang='lat' dir='ltr'><strong>gratia</strong></span> <span class='ocrx_word' id='word_1_76' title='bbox 527 1160 664 1219; x_wconf 90' lang='lat' dir='ltr'><strong>amicitiis</strong></span> <span class='ocrx_word' id='word_1_77' title='bbox 678 1161 778 1236; x_wconf 85' lang='lat' dir='ltr'><strong>vigore</strong></span> <span class='ocrx_word' id='word_1_78' title='bbox 802 1160 914 1237; x_wconf 81' lang='lat' dir='ltr'><strong>ingenii</strong></span> <span class='ocrx_word' id='word_1_79' title='bbox 928 1166 1016 1236; x_wconf 91' lang='lat' dir='ltr'><strong>atque</strong></span> <span class='ocrx_word' id='word_1_80' title='bbox 1034 1158 1131 1218; x_wconf 87' lang='lat' dir='ltr'><strong>animi</strong></span> <span class='ocrx_word' id='word_1_81' title='bbox 1144 1171 1167 1212; x_wconf 80' lang='lat' dir='ltr'><strong>ro</strong></span> 
     </span>
     <span class='ocr_line' id='line_1_12' title="bbox 108 1245 1131 1326; baseline -0.002 -19"><span class='ocrx_word' id='word_1_82' title='bbox 108 1248 334 1326; x_wconf 89' lang='lat' dir='ltr'><strong>celeberrimus,</strong></span> <span class='ocrx_word' id='word_1_83' title='bbox 358 1266 426 1308; x_wconf 90' lang='lat' dir='ltr'><strong>cum</strong></span> <span class='ocrx_word' id='word_1_84' title='bbox 445 1254 532 1307; x_wconf 88' lang='lat' dir='ltr'><strong>antea</strong></span> <span class='ocrx_word' id='word_1_85' title='bbox 546 1249 710 1307; x_wconf 91' lang='lat' dir='ltr'><strong>rectissima</strong></span> <span class='ocrx_word' id='word_1_86' title='bbox 724 1246 874 1307; x_wconf 86' lang='lat' dir='ltr'><strong>voluntate</strong></span> <span class='ocrx_word' id='word_1_87' title='bbox 889 1245 967 1325; x_wconf 91' lang='lat' dir='ltr'><strong>apud</strong></span> <span class='ocrx_word' id='word_1_88' title='bbox 980 1245 1131 1324; x_wconf 91' lang='lat' dir='ltr'><strong>populum</strong></span> 
     </span>
     <span class='ocr_line' id='line_1_13' title="bbox 107 1336 1130 1417; baseline -0.001 -22"><span class='ocrx_word' id='word_1_89' title='bbox 107 1354 274 1396; x_wconf 89' lang='lat' dir='ltr'><strong>maxumam</strong></span> <span class='ocrx_word' id='word_1_90' title='bbox 298 1338 463 1413; x_wconf 87' lang='lat' dir='ltr'><strong>quaesisset</strong></span> <span class='ocrx_word' id='word_1_91' title='bbox 484 1336 669 1417; x_wconf 86' lang='lat' dir='ltr'><strong>dignitatem,</strong></span> <span class='ocrx_word' id='word_1_92' title='bbox 693 1337 778 1413; x_wconf 92' lang='lat' dir='ltr'><strong>quasi</strong></span> <span class='ocrx_word' id='word_1_93' title='bbox 800 1338 917 1414; x_wconf 87' lang='lat' dir='ltr'><strong>pigeret</strong></span> <span class='ocrx_word' id='word_1_94' title='bbox 940 1351 1009 1395; x_wconf 92' lang='lat' dir='ltr'><strong>eum</strong></span> <span class='ocrx_word' id='word_1_95' title='bbox 1032 1337 1130 1395; x_wconf 88' lang='lat' dir='ltr'><strong>virtu-</strong></span> 
     </span>
     <span class='ocr_line' id='line_1_14' title="bbox 77 1421 1129 1504; baseline 0 -21"><span class='ocrx_word' id='word_1_96' title='bbox 77 1431 172 1484; x_wconf 84' lang='lat' dir='ltr'><strong>6tum</strong></span> <span class='ocrx_word' id='word_1_97' title='bbox 200 1442 322 1484; x_wconf 90' lang='lat' dir='ltr'><strong>suarum</strong></span> <span class='ocrx_word' id='word_1_98' title='bbox 350 1431 380 1484; x_wconf 91' lang='lat' dir='ltr'><strong>et</strong></span> <span class='ocrx_word' id='word_1_99' title='bbox 407 1422 483 1483; x_wconf 91' lang='lat' dir='ltr'><strong>bene</strong></span> <span class='ocrx_word' id='word_1_100' title='bbox 513 1425 647 1484; x_wconf 89' lang='lat' dir='ltr'><strong>consulta</strong></span> <span class='ocrx_word' id='word_1_101' title='bbox 675 1426 703 1483; x_wconf 91' lang='lat' dir='ltr'><strong>ei</strong></span> <span class='ocrx_word' id='word_1_102' title='bbox 731 1423 805 1483; x_wconf 88' lang='lat' dir='ltr'><strong>male</strong></span> <span class='ocrx_word' id='word_1_103' title='bbox 838 1424 992 1504; x_wconf 86' lang='lat' dir='ltr'><strong>oederent,</strong></span> <span class='ocrx_word' id='word_1_104' title='bbox 1025 1421 1129 1483; x_wconf 91' lang='lat' dir='ltr'><strong>subito</strong></span> 
     </span>
     <span class='ocr_line' id='line_1_15' title="bbox 107 1511 1129 1591; baseline -0.002 -19"><span class='ocrx_word' id='word_1_105' title='bbox 107 1531 216 1591; x_wconf 92' lang='lat' dir='ltr'><strong>pravus</strong></span> <span class='ocrx_word' id='word_1_106' title='bbox 240 1520 271 1572; x_wconf 88' lang='lat' dir='ltr'><strong>et</strong></span> <span class='ocrx_word' id='word_1_107' title='bbox 293 1530 437 1591; x_wconf 88' lang='lat' dir='ltr'><strong>praeceps</strong></span> <span class='ocrx_word' id='word_1_108' title='bbox 450 1531 484 1572; x_wconf 80' lang='lat' dir='ltr'><strong>se</strong></span> <span class='ocrx_word' id='word_1_109' title='bbox 498 1511 529 1573; x_wconf 86' lang='lat' dir='ltr'><strong>C.</strong></span> <span class='ocrx_word' id='word_1_110' title='bbox 543 1512 635 1573; x_wconf 93' lang='lat' dir='ltr'><strong>Mario</strong></span> <span class='ocrx_word' id='word_1_111' title='bbox 658 1520 726 1591; x_wconf 92' lang='lat' dir='ltr'><strong>post</strong></span> <span class='ocrx_word' id='word_1_112' title='bbox 740 1514 992 1591; x_wconf 80' lang='lat' dir='ltr'><strong>septuagesimum</strong></span> <span class='ocrx_word' id='word_1_113' title='bbox 1013 1529 1129 1571; x_wconf 91' lang='lat' dir='ltr'><strong>anuum</strong></span> 
     </span>
     <span class='ocr_line' id='line_1_16' title="bbox 108 1599 1165 1683; baseline -0.006 -23"><span class='ocrx_word' id='word_1_114' title='bbox 108 1603 204 1661; x_wconf 89' lang='lat' dir='ltr'><strong>omnia</strong></span> <span class='ocrx_word' id='word_1_115' title='bbox 234 1603 358 1680; x_wconf 92' lang='lat' dir='ltr'><strong>imperia</strong></span> <span class='ocrx_word' id='word_1_116' title='bbox 390 1609 420 1661; x_wconf 91' lang='lat' dir='ltr'><strong>et</strong></span> <span class='ocrx_word' id='word_1_117' title='bbox 447 1603 543 1661; x_wconf 92' lang='lat' dir='ltr'><strong>omnis</strong></span> <span class='ocrx_word' id='word_1_118' title='bbox 570 1603 737 1683; x_wconf 78' lang='lat' dir='ltr'><strong>provincias</strong></span> <span class='ocrx_word' id='word_1_119' title='bbox 766 1602 989 1679; x_wconf 88' lang='lat' dir='ltr'><strong>concupiscenti</strong></span> <span class='ocrx_word' id='word_1_120' title='bbox 1013 1599 1129 1660; x_wconf 84' lang='lat' dir='ltr'><strong>addixit</strong></span> <span class='ocrx_word' id='word_1_121' title='bbox 1142 1612 1165 1654; x_wconf 83' lang='lat' dir='ltr'><strong>n</strong></span> 
     </span>
     <span class='ocr_line' id='line_1_17' title="bbox 107 1687 1129 1770; baseline -0.002 -21"><span class='ocrx_word' id='word_1_122' title='bbox 107 1689 262 1768; x_wconf 85' lang='lat' dir='ltr'><strong>legemque</strong></span> <span class='ocrx_word' id='word_1_123' title='bbox 291 1690 327 1749; x_wconf 92' lang='lat' dir='ltr'><strong>ad</strong></span> <span class='ocrx_word' id='word_1_124' title='bbox 354 1689 497 1768; x_wconf 87' lang='lat' dir='ltr'><strong>populum</strong></span> <span class='ocrx_word' id='word_1_125' title='bbox 525 1689 606 1770; x_wconf 93' lang='lat' dir='ltr'><strong>tulit,</strong></span> <span class='ocrx_word' id='word_1_126' title='bbox 633 1688 697 1768; x_wconf 60' lang='lat' dir='ltr'><strong>‘qua</strong></span> <span class='ocrx_word' id='word_1_127' title='bbox 725 1689 823 1750; x_wconf 89' lang='lat' dir='ltr'><strong>Sullae</strong></span> <span class='ocrx_word' id='word_1_128' title='bbox 851 1691 1010 1768; x_wconf 90' lang='lat' dir='ltr'><strong>imperium</strong></span> <span class='ocrx_word' id='word_1_129' title='bbox 1038 1687 1129 1748; x_wconf 88' lang='lat' dir='ltr'><strong>abro-</strong></span> 
     </span>
     <span class='ocr_line' id='line_1_18' title="bbox 107 1775 1128 1859; baseline -0.001 -21"><span class='ocrx_word' id='word_1_130' title='bbox 107 1787 242 1859; x_wconf 86' lang='lat' dir='ltr'><strong>garetur,</strong></span> <span class='ocrx_word' id='word_1_131' title='bbox 266 1777 296 1838; x_wconf 87' lang='lat' dir='ltr'><strong>C.</strong></span> <span class='ocrx_word' id='word_1_132' title='bbox 311 1777 403 1837; x_wconf 89' lang='lat' dir='ltr'><strong>Mario</strong></span> <span class='ocrx_word' id='word_1_133' title='bbox 418 1777 529 1837; x_wconf 89' lang='lat' dir='ltr'><strong>bellum</strong></span> <span class='ocrx_word' id='word_1_134' title='bbox 544 1778 758 1838; x_wconf 89' lang='lat' dir='ltr'><strong>decerneretur</strong></span> <span class='ocrx_word' id='word_1_135' title='bbox 770 1777 1015 1858; x_wconf 85' lang='lat' dir='ltr'><strong>Mithridaticum,</strong></span> <span class='ocrx_word' id='word_1_136' title='bbox 1039 1775 1128 1837; x_wconf 88' lang='lat' dir='ltr'><strong>alias·</strong></span> 
     </span>
     <span class='ocr_line' id='line_1_19' title="bbox 107 1864 1128 1945; baseline 0 -19"><span class='ocrx_word' id='word_1_137' title='bbox 107 1886 165 1945; x_wconf 89' lang='lat' dir='ltr'><strong>que</strong></span> <span class='ocrx_word' id='word_1_138' title='bbox 188 1867 269 1945; x_wconf 85' lang='lat' dir='ltr'><strong>leges</strong></span> <span class='ocrx_word' id='word_1_139' title='bbox 292 1869 475 1945; x_wconf 89' lang='lat' dir='ltr'><strong>perniciosas</strong></span> <span class='ocrx_word' id='word_1_140' title='bbox 497 1874 527 1925; x_wconf 91' lang='lat' dir='ltr'><strong>et</strong></span> <span class='ocrx_word' id='word_1_141' title='bbox 540 1866 703 1927; x_wconf 84' lang='lat' dir='ltr'><strong>exitiabiles</strong></span> <span class='ocrx_word' id='word_1_142' title='bbox 718 1884 815 1944; x_wconf 91' lang='lat' dir='ltr'><strong>neque</strong></span> <span class='ocrx_word' id='word_1_143' title='bbox 830 1867 997 1926; x_wconf 91' lang='lat' dir='ltr'><strong>tolerandas</strong></span> <span class='ocrx_word' id='word_1_144' title='bbox 1011 1864 1128 1926; x_wconf 91' lang='lat' dir='ltr'><strong>liberae</strong></span> 
     </span>
     <span class='ocr_line' id='line_1_20' title="bbox 108 1954 1127 2033; baseline 0.001 -19"><span class='ocrx_word' id='word_1_145' title='bbox 108 1957 219 2015; x_wconf 89' lang='lat' dir='ltr'><strong>civitati</strong></span> <span class='ocrx_word' id='word_1_146' title='bbox 238 1954 315 2014; x_wconf 89' lang='lat' dir='ltr'><strong>tulit.</strong></span> <span class='ocrx_word' id='word_1_147' title='bbox 353 1956 424 2032; x_wconf 90' lang='lat' dir='ltr'><strong>quin</strong></span> <span class='ocrx_word' id='word_1_148' title='bbox 439 1957 528 2014; x_wconf 90' lang='lat' dir='ltr'><strong>etiam</strong></span> <span class='ocrx_word' id='word_1_149' title='bbox 542 1954 576 2025; x_wconf 82' lang='lat' dir='ltr'><strong>Q.</strong></span> <span class='ocrx_word' id='word_1_150' title='bbox 591 1955 713 2033; x_wconf 91' lang='lat' dir='ltr'><strong>Pompei</strong></span> <span class='ocrx_word' id='word_1_151' title='bbox 728 1954 859 2015; x_wconf 89' lang='lat' dir='ltr'><strong>consulis</strong></span> <span class='ocrx_word' id='word_1_152' title='bbox 873 1955 967 2014; x_wconf 84' lang='lat' dir='ltr'><strong>filium</strong></span> <span class='ocrx_word' id='word_1_153' title='bbox 981 1955 1127 2015; x_wconf 89' lang='lat' dir='ltr'><strong>eundem-</strong></span> 
     </span>
     <span class='ocr_line' id='line_1_21' title="bbox 109 2042 1164 2121; baseline 0.002 -19"><span class='ocrx_word' id='word_1_154' title='bbox 109 2060 165 2120; x_wconf 91' lang='lat' dir='ltr'><strong>que</strong></span> <span class='ocrx_word' id='word_1_155' title='bbox 182 2042 279 2102; x_wconf 91' lang='lat' dir='ltr'><strong>Sullae</strong></span> <span class='ocrx_word' id='word_1_156' title='bbox 294 2061 443 2120; x_wconf 68' lang='lat' dir='ltr'><strong>generum,</strong></span> <span class='ocrx_word' id='word_1_157' title='bbox 460 2061 515 2121; x_wconf 92' lang='lat' dir='ltr'><strong>per</strong></span> <span class='ocrx_word' id='word_1_158' title='bbox 529 2045 699 2103; x_wconf 91' lang='lat' dir='ltr'><strong>emissarios</strong></span> <span class='ocrx_word' id='word_1_159' title='bbox 721 2044 858 2104; x_wconf 86' lang='lat' dir='ltr'><strong>factionis</strong></span> <span class='ocrx_word' id='word_1_160' title='bbox 878 2061 948 2104; x_wconf 88' lang='lat' dir='ltr'><strong>suae</strong></span> <span class='ocrx_word' id='word_1_161' title='bbox 962 2042 1126 2104; x_wconf 84' lang='lat' dir='ltr'><strong>interiecit.</strong></span> <span class='ocrx_word' id='word_1_162' title='bbox 1140 2056 1164 2097; x_wconf 61' lang='grc' dir='ltr'>ὓ</span> 
     </span>
     <span class='ocr_line' id='line_1_22' title="bbox 76 2128 1128 2213; baseline 0.004 -25"><span class='ocrx_word' id='word_1_163' title='bbox 76 2143 90 2188; x_wconf 88' lang='lat'>1</span> <span class='ocrx_word' id='word_1_164' title='bbox 199 2128 248 2191; x_wconf 90' lang='grc'><strong>19.</strong></span> <span class='ocrx_word' id='word_1_165' title='bbox 286 2130 363 2190; x_wconf 90' lang='lat' dir='ltr'><strong>Tum</strong></span> <span class='ocrx_word' id='word_1_166' title='bbox 387 2130 466 2191; x_wconf 87' lang='lat' dir='ltr'><strong>Sulla</strong></span> <span class='ocrx_word' id='word_1_167' title='bbox 495 2140 647 2213; x_wconf 87' lang='lat' dir='ltr'><strong>contracto</strong></span> <span class='ocrx_word' id='word_1_168' title='bbox 676 2135 809 2192; x_wconf 89' lang='lat' dir='ltr'><strong>exercitu</strong></span> <span class='ocrx_word' id='word_1_169' title='bbox 838 2133 873 2192; x_wconf 91' lang='lat' dir='ltr'><strong>ad</strong></span> <span class='ocrx_word' id='word_1_170' title='bbox 900 2131 1008 2191; x_wconf 87' lang='lat' dir='ltr'><strong>urbem</strong></span> <span class='ocrx_word' id='word_1_171' title='bbox 1035 2131 1128 2192; x_wconf 90' lang='lat' dir='ltr'><strong>rediit</strong></span> 
     </span>
     <span class='ocr_line' id='line_1_23' title="bbox 107 2221 1127 2301; baseline 0.001 -22"><span class='ocrx_word' id='word_1_172' title='bbox 107 2238 231 2298; x_wconf 90' lang='lat' dir='ltr'><strong>eamque</strong></span> <span class='ocrx_word' id='word_1_173' title='bbox 256 2221 346 2279; x_wconf 89' lang='lat' dir='ltr'><strong>armis</strong></span> <span class='ocrx_word' id='word_1_174' title='bbox 369 2222 537 2301; x_wconf 91' lang='lat' dir='ltr'><strong>occupavit,</strong></span> <span class='ocrx_word' id='word_1_175' title='bbox 561 2221 716 2281; x_wconf 90' lang='lat' dir='ltr'><strong>duodecim</strong></span> <span class='ocrx_word' id='word_1_176' title='bbox 738 2229 876 2280; x_wconf 90' lang='lat' dir='ltr'><strong>auctores</strong></span> <span class='ocrx_word' id='word_1_177' title='bbox 891 2237 1034 2280; x_wconf 90' lang='lat' dir='ltr'><strong>novarum</strong></span> <span class='ocrx_word' id='word_1_178' title='bbox 1056 2239 1127 2298; x_wconf 87' lang='lat' dir='ltr'><strong>pos·</strong></span> 
     </span>
     <span class='ocr_line' id='line_1_24' title="bbox 107 2307 1127 2389; baseline 0.001 -21"><span class='ocrx_word' id='word_1_179' title='bbox 107 2311 162 2368; x_wconf 90' lang='lat' dir='ltr'><strong>sim</strong></span> <span class='ocrx_word' id='word_1_180' title='bbox 168 2327 308 2387; x_wconf 79' lang='lat' dir='ltr'><strong>aramque</strong></span> <span class='ocrx_word' id='word_1_181' title='bbox 332 2327 448 2389; x_wconf 90' lang='lat' dir='ltr'><strong>rerum,</strong></span> <span class='ocrx_word' id='word_1_182' title='bbox 470 2311 550 2369; x_wconf 91' lang='lat' dir='ltr'><strong>iuter</strong></span> <span class='ocrx_word' id='word_1_183' title='bbox 573 2328 648 2387; x_wconf 88' lang='lat' dir='ltr'><strong>quos</strong></span> <span class='ocrx_word' id='word_1_184' title='bbox 662 2309 788 2369; x_wconf 88' lang='lat' dir='ltr'><strong>Marium</strong></span> <span class='ocrx_word' id='word_1_185' title='bbox 802 2327 871 2369; x_wconf 92' lang='lat' dir='ltr'><strong>cum</strong></span> <span class='ocrx_word' id='word_1_186' title='bbox 893 2309 953 2368; x_wconf 87' lang='lat' dir='ltr'><strong>fiho</strong></span> <span class='ocrx_word' id='word_1_187' title='bbox 968 2315 999 2368; x_wconf 89' lang='lat' dir='ltr'><strong>et</strong></span> <span class='ocrx_word' id='word_1_188' title='bbox 1011 2307 1044 2367; x_wconf 88' lang='lat' dir='ltr'><strong>P.</strong></span> <span class='ocrx_word' id='word_1_189' title='bbox 1057 2307 1127 2369; x_wconf 91' lang='lat' dir='ltr'><strong>Sul-</strong></span> 
     </span>
     <span class='ocr_line' id='line_1_25' title="bbox 105 2396 1127 2477; baseline 0 -21"><span class='ocrx_word' id='word_1_190' title='bbox 105 2399 198 2477; x_wconf 93' lang='lat' dir='ltr'><strong>picio,</strong></span> <span class='ocrx_word' id='word_1_191' title='bbox 220 2397 295 2456; x_wconf 89' lang='lat' dir='ltr'><strong>urbe</strong></span> <span class='ocrx_word' id='word_1_192' title='bbox 311 2396 478 2456; x_wconf 86' lang='lat' dir='ltr'><strong>exturbavit</strong></span> <span class='ocrx_word' id='word_1_193' title='bbox 493 2414 526 2456; x_wconf 91' lang='lat' dir='ltr'><strong>ac</strong></span> <span class='ocrx_word' id='word_1_194' title='bbox 549 2397 613 2476; x_wconf 86' lang='lat' dir='ltr'><strong>lege</strong></span> <span class='ocrx_word' id='word_1_195' title='bbox 636 2397 695 2457; x_wconf 91' lang='lat' dir='ltr'><strong>lata</strong></span> <span class='ocrx_word' id='word_1_196' title='bbox 709 2397 810 2457; x_wconf 91' lang='lat' dir='ltr'><strong>exules</strong></span> <span class='ocrx_word' id='word_1_197' title='bbox 834 2399 913 2458; x_wconf 87' lang='lat' dir='ltr'><strong>fecit.</strong></span> <span class='ocrx_word' id='word_1_198' title='bbox 958 2396 1127 2475; x_wconf 88' lang='lat' dir='ltr'><strong>Sulpicium</strong></span> 
     </span>
     <span class='ocr_line' id='line_1_26' title="bbox 107 2484 1164 2565; baseline 0.002 -22"><span class='ocrx_word' id='word_1_199' title='bbox 107 2488 196 2544; x_wconf 91' lang='lat' dir='ltr'><strong>etiam</strong></span> <span class='ocrx_word' id='word_1_200' title='bbox 219 2484 352 2544; x_wconf 85' lang='lat' dir='ltr'><strong>adsecuti</strong></span> <span class='ocrx_word' id='word_1_201' title='bbox 375 2487 491 2562; x_wconf 91' lang='lat' dir='ltr'><strong>equites</strong></span> <span class='ocrx_word' id='word_1_202' title='bbox 504 2487 536 2545; x_wconf 89' lang='lat' dir='ltr'><strong>iu</strong></span> <span class='ocrx_word' id='word_1_203' title='bbox 549 2484 739 2546; x_wconf 87' lang='lat' dir='ltr'><strong>Laurentiuis</strong></span> <span class='ocrx_word' id='word_1_204' title='bbox 761 2485 918 2565; x_wconf 89' lang='lat' dir='ltr'><strong>paludibus</strong></span> <span class='ocrx_word' id='word_1_205' title='bbox 941 2485 1164 2565; x_wconf 67' lang='lat' dir='ltr'><strong>iugulumque</strong></span> 
     </span>
     <span class='ocr_line' id='line_1_27' title="bbox 38 2570 1126 2653; baseline 0.002 -21"><span class='ocrx_word' id='word_1_206' title='bbox 38 2570 40 2576; x_wconf 83' lang='lat'>&#39;</span> <span class='ocrx_word' id='word_1_207' title='bbox 107 2581 254 2651; x_wconf 90' lang='lat' dir='ltr'><strong>caputque</strong></span> <span class='ocrx_word' id='word_1_208' title='bbox 287 2574 352 2632; x_wconf 91' lang='lat' dir='ltr'><strong>eius</strong></span> <span class='ocrx_word' id='word_1_209' title='bbox 384 2581 518 2632; x_wconf 91' lang='lat' dir='ltr'><strong>erectum</strong></span> <span class='ocrx_word' id='word_1_210' title='bbox 550 2582 580 2634; x_wconf 89' lang='lat' dir='ltr'><strong>et</strong></span> <span class='ocrx_word' id='word_1_211' title='bbox 612 2582 793 2635; x_wconf 88' lang='lat' dir='ltr'><strong>ostentatum</strong></span> <span class='ocrx_word' id='word_1_212' title='bbox 825 2593 880 2653; x_wconf 91' lang='lat' dir='ltr'><strong>pro</strong></span> <span class='ocrx_word' id='word_1_213' title='bbox 908 2576 1014 2634; x_wconf 88' lang='lat' dir='ltr'><strong>rostris</strong></span> <span class='ocrx_word' id='word_1_214' title='bbox 1042 2573 1126 2634; x_wconf 85' lang='lat' dir='ltr'><strong>velut</strong></span> 
     </span>
     <span class='ocr_line' id='line_1_28' title="bbox 75 2662 1125 2742; baseline 0.003 -23"><span class='ocrx_word' id='word_1_215' title='bbox 75 2673 195 2720; x_wconf 71' lang='lat' dir='ltr'><strong>acmen</strong></span> <span class='ocrx_word' id='word_1_216' title='bbox 217 2663 389 2720; x_wconf 89' lang='lat' dir='ltr'><strong>inminentis</strong></span> <span class='ocrx_word' id='word_1_217' title='bbox 419 2664 646 2741; x_wconf 75' lang='lat' dir='ltr'><strong>proscriptionIs</strong></span> <span class='ocrx_word' id='word_1_218' title='bbox 669 2664 733 2723; x_wconf 84' lang='lat' dir='ltr'><strong>luit.</strong></span> <span class='ocrx_word' id='word_1_219' title='bbox 778 2662 889 2723; x_wconf 89' lang='lat' dir='ltr'><strong>Marius</strong></span> <span class='ocrx_word' id='word_1_220' title='bbox 912 2670 982 2742; x_wconf 91' lang='lat' dir='ltr'><strong>post</strong></span> <span class='ocrx_word' id='word_1_221' title='bbox 1005 2669 1125 2722; x_wconf 87' lang='lat' dir='ltr'><strong>sextum</strong></span> 
     </span>
    </p>
   </div>
   <div class='ocr_carea' id='block_1_4' title="bbox 99 2901 1167 3535">
    <p class='ocr_par' dir='ltr' id='par_1_4' title="bbox 179 2901 1124 2972">
     <span class='ocr_line' id='line_1_29' title="bbox 179 2901 1124 2972; baseline 0.005 -19"><span class='ocrx_word' id='word_1_222' title='bbox 179 2909 331 2968; x_wconf 85' lang='lat' dir='ltr'><strong>lquorum</strong></span> <span class='ocrx_word' id='word_1_223' title='bbox 346 2902 464 2957; x_wconf 69' lang='lat' dir='ltr'><strong>Cluilius</strong></span> <span class='ocrx_word' id='word_1_224' title='bbox 479 2905 484 2972; x_wconf 85' lang='grc'>1</span> <span class='ocrx_word' id='word_1_225' title='bbox 499 2902 677 2957; x_wconf 86' lang='lat' dir='ltr'><strong>fideminlll.</strong></span> <span class='ocrx_word' id='word_1_226' title='bbox 692 2906 719 2958; x_wconf 99' lang='lat' dir='ltr'><strong><em>A</em></strong></span> <span class='ocrx_word' id='word_1_227' title='bbox 783 2903 850 2957; x_wconf 82' lang='lat' dir='ltr'><strong>2M.</strong></span> <span class='ocrx_word' id='word_1_228' title='bbox 866 2903 931 2969; x_wconf 91' lang='lat' dir='ltr'><strong>AP,</strong></span> <span class='ocrx_word' id='word_1_229' title='bbox 945 2920 993 2957; x_wconf 84' lang='lat' dir='ltr'><strong>cm.</strong></span> <span class='ocrx_word' id='word_1_230' title='bbox 1010 2901 1124 2958; x_wconf 83' lang='lat' dir='ltr'><strong>Rulmlc.</strong></span> 
     </span>
    </p>

    <p class='ocr_par' dir='ltr' id='par_1_5' title="bbox 99 2972 1167 3535">
     <span class='ocr_line' id='line_1_30' title="bbox 159 2972 1125 3044; baseline 0.004 -20"><span class='ocrx_word' id='word_1_231' title='bbox 159 2972 332 3041; x_wconf 83' lang='lat' dir='ltr'><strong>3gratiaA</strong></span> <span class='ocrx_word' id='word_1_232' title='bbox 411 2975 472 3027; x_wconf 83' lang='lat' dir='ltr'><strong>51s</strong></span> <span class='ocrx_word' id='word_1_233' title='bbox 492 2974 531 3028; x_wconf 84' lang='lat' dir='ltr'><strong>P:</strong></span> <span class='ocrx_word' id='word_1_234' title='bbox 551 2976 647 3028; x_wconf 86' lang='lat' dir='ltr'><strong>om.A</strong></span> <span class='ocrx_word' id='word_1_235' title='bbox 730 2981 762 3028; x_wconf 94' lang='lat'><strong>11</strong></span> <span class='ocrx_word' id='word_1_236' title='bbox 782 2975 896 3044; x_wconf 82' lang='lat' dir='ltr'><strong>apuiA</strong></span> <span class='ocrx_word' id='word_1_237' title='bbox 981 2980 1014 3028; x_wconf 82' lang='lat'><strong>12</strong></span> <span class='ocrx_word' id='word_1_238' title='bbox 1034 2974 1125 3028; x_wconf 82' lang='lat' dir='ltr'><strong>maxi-</strong></span> 
     </span>
     <span class='ocr_line' id='line_1_31' title="bbox 105 3043 1125 3115; baseline 0.005 -20"><span class='ocrx_word' id='word_1_239' title='bbox 105 3059 181 3096; x_wconf 82' lang='lat' dir='ltr'><strong>mam</strong></span> <span class='ocrx_word' id='word_1_240' title='bbox 201 3043 229 3095; x_wconf 93' lang='lat' dir='ltr'><strong><em>P</em></strong></span> <span class='ocrx_word' id='word_1_241' title='bbox 301 3051 334 3097; x_wconf 88' lang='grc'><strong>14</strong></span> <span class='ocrx_word' id='word_1_242' title='bbox 353 3061 382 3098; x_wconf 82' lang='lat' dir='ltr'><strong>se</strong></span> <span class='ocrx_word' id='word_1_243' title='bbox 402 3046 513 3100; x_wconf 84' lang='lat' dir='ltr'><strong>addidit</strong></span> <span class='ocrx_word' id='word_1_244' title='bbox 531 3045 689 3111; x_wconf 81' lang='lat' dir='ltr'><strong>Puteouus;</strong></span> <span class='ocrx_word' id='word_1_245' title='bbox 708 3047 848 3113; x_wconf 75' lang='lat' dir='ltr'><strong>explicent</strong></span> <span class='ocrx_word' id='word_1_246' title='bbox 866 3047 918 3100; x_wconf 89' lang='lat' dir='ltr'><strong>alii</strong></span> <span class='ocrx_word' id='word_1_247' title='bbox 936 3045 1046 3115; x_wconf 71' lang='lat' dir='ltr'><strong>addixit</strong></span> <span class='ocrx_word' id='word_1_248' title='bbox 1062 3045 1125 3100; x_wconf 79' lang='lat' dir='ltr'><strong>Mc·</strong></span> 
     </span>
     <span class='ocr_line' id='line_1_32' title="bbox 104 3114 1126 3185; baseline 0.004 -18"><span class='ocrx_word' id='word_1_249' title='bbox 104 3114 146 3167; x_wconf 85' lang='lat' dir='ltr'><strong>rio</strong></span> <span class='ocrx_word' id='word_1_250' title='bbox 170 3114 264 3168; x_wconf 82' lang='lat' dir='ltr'><strong>omnia</strong></span> <span class='ocrx_word' id='word_1_251' title='bbox 286 3115 405 3184; x_wconf 85' lang='lat' dir='ltr'><strong>imperia</strong></span> <span class='ocrx_word' id='word_1_252' title='bbox 428 3120 474 3169; x_wconf 86' lang='lat' dir='ltr'><strong>eie.</strong></span> <span class='ocrx_word' id='word_1_253' title='bbox 501 3131 535 3169; x_wconf 82' lang='lat' dir='ltr'><strong>ea</strong></span> <span class='ocrx_word' id='word_1_254' title='bbox 558 3116 779 3185; x_wconf 77' lang='lat' dir='ltr'><strong>concupiscenti,</strong></span> <span class='ocrx_word' id='word_1_255' title='bbox 804 3119 885 3185; x_wconf 78' lang='lat' dir='ltr'><strong>quasi</strong></span> <span class='ocrx_word' id='word_1_256' title='bbox 907 3119 956 3171; x_wconf 82' lang='lat' dir='ltr'><strong>boo</strong></span> <span class='ocrx_word' id='word_1_257' title='bbox 979 3115 1126 3184; x_wconf 75' lang='lat' dir='ltr'><strong>Sulpicius</strong></span> 
     </span>
     <span class='ocr_line' id='line_1_33' title="bbox 104 3186 1126 3254; baseline 0.005 -17"><span class='ocrx_word' id='word_1_258' title='bbox 104 3186 198 3251; x_wconf 73' lang='lat' dir='ltr'><strong>feeerit</strong></span> <span class='ocrx_word' id='word_1_259' title='bbox 216 3187 271 3254; x_wconf 79' lang='lat' dir='ltr'><strong>leqe</strong></span> <span class='ocrx_word' id='word_1_260' title='bbox 289 3186 322 3240; x_wconf 84' lang='lat' dir='ltr'><strong>de</strong></span> <span class='ocrx_word' id='word_1_261' title='bbox 339 3202 395 3240; x_wconf 87' lang='lat' dir='ltr'><strong>uuo</strong></span> <span class='ocrx_word' id='word_1_262' title='bbox 415 3187 610 3240; x_wconf 77' lang='lat' dir='ltr'><strong>Mithridatico</strong></span> <span class='ocrx_word' id='word_1_263' title='bbox 630 3188 701 3241; x_wconf 83' lang='lat' dir='ltr'><strong>lota:</strong></span> <span class='ocrx_word' id='word_1_264' title='bbox 726 3188 798 3242; x_wconf 81' lang='lat' dir='ltr'><strong>illud</strong></span> <span class='ocrx_word' id='word_1_265' title='bbox 820 3186 937 3242; x_wconf 78' lang='lat' dir='ltr'><strong>Velleius</strong></span> <span class='ocrx_word' id='word_1_266' title='bbox 955 3188 1044 3242; x_wconf 81' lang='lat' dir='ltr'><strong>dicere</strong></span> <span class='ocrx_word' id='word_1_267' title='bbox 1057 3194 1126 3254; x_wconf 78' lang='lat' dir='ltr'><strong>poi·</strong></span> 
     </span>
     <span class='ocr_line' id='line_1_34' title="bbox 104 3257 1126 3327; baseline 0.003 -18"><span class='ocrx_word' id='word_1_268' title='bbox 104 3262 176 3323; x_wconf 83' lang='lat' dir='ltr'><strong>erat,</strong></span> <span class='ocrx_word' id='word_1_269' title='bbox 198 3273 286 3310; x_wconf 74' lang='lat' dir='ltr'><strong>sciunt</strong></span> <span class='ocrx_word' id='word_1_270' title='bbox 305 3257 434 3311; x_wconf 81' lang='lat' dir='ltr'><strong>Marium</strong></span> <span class='ocrx_word' id='word_1_271' title='bbox 452 3258 545 3311; x_wconf 90' lang='lat' dir='ltr'><strong>omuio</strong></span> <span class='ocrx_word' id='word_1_272' title='bbox 563 3258 681 3325; x_wconf 81' lang='lat' dir='ltr'><strong>imperia</strong></span> <span class='ocrx_word' id='word_1_273' title='bbox 699 3260 893 3327; x_wconf 74' lang='lat' dir='ltr'><strong>concupivisse.</strong></span> <span class='ocrx_word' id='word_1_274' title='bbox 1002 3264 1035 3312; x_wconf 87' lang='grc'><strong>19</strong></span> <span class='ocrx_word' id='word_1_275' title='bbox 1054 3259 1126 3314; x_wconf 77' lang='lat' dir='ltr'><strong>iulia</strong></span> 
     </span>
     <span class='ocr_line' id='line_1_35' title="bbox 104 3327 1052 3399; baseline 0.004 -20"><span class='ocrx_word' id='word_1_276' title='bbox 104 3328 211 3380; x_wconf 83' lang='lat' dir='ltr'><strong>mollem</strong></span> <span class='ocrx_word' id='word_1_277' title='bbox 229 3328 330 3381; x_wconf 76' lang='lat' dir='ltr'><strong>obesset</strong></span> <span class='ocrx_word' id='word_1_278' title='bbox 345 3328 350 3399; x_wconf 72' lang='lat' dir='ltr'><strong>l</strong></span> <span class='ocrx_word' id='word_1_279' title='bbox 366 3328 479 3395; x_wconf 77' lang='lat' dir='ltr'><strong>etiemq.</strong></span> <span class='ocrx_word' id='word_1_280' title='bbox 498 3330 526 3381; x_wconf 87' lang='lat' dir='ltr'><strong><em>A</em></strong></span> <span class='ocrx_word' id='word_1_281' title='bbox 542 3328 546 3399; x_wconf 79' lang='grc' dir='ltr'>Ι</span> <span class='ocrx_word' id='word_1_282' title='bbox 561 3327 690 3397; x_wconf 88' lang='lat' dir='ltr'><strong>Pompeii</strong></span> <span class='ocrx_word' id='word_1_283' title='bbox 708 3329 737 3382; x_wconf 92' lang='lat' dir='ltr'><strong><em>P</em></strong></span> <span class='ocrx_word' id='word_1_284' title='bbox 806 3335 839 3382; x_wconf 82' lang='lat'><strong>21</strong></span> <span class='ocrx_word' id='word_1_285' title='bbox 860 3331 1006 3383; x_wconf 78' lang='lat' dir='ltr'><strong>contractu</strong></span> <span class='ocrx_word' id='word_1_286' title='bbox 1024 3328 1052 3382; x_wconf 91' lang='lat' dir='ltr'><strong><em>A</em></strong></span> 
     </span>
     <span class='ocr_line' id='line_1_36' title="bbox 105 3397 1167 3469; baseline 0.011 -20"><span class='ocrx_word' id='word_1_287' title='bbox 105 3403 139 3449; x_wconf 75' lang='lat'><strong>23</strong></span> <span class='ocrx_word' id='word_1_288' title='bbox 158 3398 222 3463; x_wconf 78' lang='lat' dir='ltr'><strong>fort.</strong></span> <span class='ocrx_word' id='word_1_289' title='bbox 240 3397 271 3450; x_wconf 93' lang='lat' dir='ltr'><strong>P.</strong></span> <span class='ocrx_word' id='word_1_290' title='bbox 292 3398 448 3468; x_wconf 87' lang='lat' dir='ltr'><strong>Sulpicium</strong></span> <span class='ocrx_word' id='word_1_291' title='bbox 528 3398 733 3469; x_wconf 67' lang='lat' dir='ltr'><strong>cisalpinum</strong></span> <span class='ocrx_word' id='word_1_292' title='bbox 751 3400 809 3452; x_wconf 92' lang='lat' dir='ltr'><strong>AP</strong></span> <span class='ocrx_word' id='word_1_293' title='bbox 888 3405 922 3454; x_wconf 79' lang='lat'><strong>25</strong></span> <span class='ocrx_word' id='word_1_294' title='bbox 942 3400 1029 3454; x_wconf 80' lang='lat' dir='ltr'><strong>etiam</strong></span> <span class='ocrx_word' id='word_1_295' title='bbox 1047 3401 1125 3456; x_wconf 81' lang='lat' dir='ltr'><strong>obelo</strong></span> <span class='ocrx_word' id='word_1_296' title='bbox 1146 3446 1167 3461; x_wconf 73' lang='grc'><strong>.</strong></span> 
     </span>
     <span class='ocr_line' id='line_1_37' title="bbox 99 3467 527 3535; baseline 0.007 -16"><span class='ocrx_word' id='word_1_297' title='bbox 99 3468 211 3520; x_wconf 74' lang='lat' dir='ltr'><strong>notauit</strong></span> <span class='ocrx_word' id='word_1_298' title='bbox 230 3467 316 3522; x_wconf 79' lang='lat' dir='ltr'><strong>Orelli</strong></span> <span class='ocrx_word' id='word_1_299' title='bbox 315 3489 330 3535; x_wconf 87' lang='lat'><strong>,·</strong></span> <span class='ocrx_word' id='word_1_300' title='bbox 347 3486 387 3524; x_wconf 85' lang='lat' dir='ltr'><strong>au</strong></span> <span class='ocrx_word' id='word_1_301' title='bbox 401 3468 527 3523; x_wconf 76' lang='lat' dir='ltr'><strong>lamen?</strong></span> 
     </span>
    </p>
   </div>
   <div class='ocr_carea' id='block_1_5' title="bbox 0 0 1216 3848">
    <p class='ocr_par' dir='ltr' id='par_1_6' title="bbox 0 0 1216 3848">
     <span class='ocr_line' id='line_1_38' title="bbox 0 0 1216 3848; baseline 0 1"><span class='ocrx_word' id='word_1_302' title='bbox 0 0 1216 3848; x_wconf 95' lang='lat' dir='ltr'><strong> </strong></span> 
     </span>
    </p>
   </div>
  </div>
 </body>
</html>
