2422 3848
153 647 232 729 (bun
259 665 390 726 Beatus
420 664 609 727 Rhenanus
643 684 717 745 quae
748 685 784 726 ex
811 665 903 727 Vellei
932 667 1080 728 Paterculi

60 757 205 818 historiae
219 755 367 815 Romanae
386 753 470 814 libris
485 754 601 815 duobus
620 764 782 834 supersunt
797 774 873 815 anno
887 756 950 816 fere
964 754 1079 816 MDXV.

61 848 96 906 in
119 841 297 905 bibliotheca
320 844 491 902 monasterii
514 841 718 904 Murbacensis
732 845 920 924 invenisset,
948 845 1081 904 codicem
1138 907 1143 914 ,

63 933 101 994 ab
125 935 219 993 amico
239 930 366 1010 quodam
385 929 614 1001 describendum
634 934 761 1011 curavit,
784 950 820 991 ex
839 950 897 1010 quo
913 932 1081 1012 apographo

63 1018 136 1082 libri
163 1039 187 1080 a.
214 1017 332 1079 noxi.
359 1018 489 1078 Basileae
518 1018 553 1078 ab
582 1021 681 1099 operis
708 1018 901 1080 Frobeniams
929 1023 1007 1098 typis
1032 1039 1081 1080 ex·

64 1111 164 1189 pressi
187 1115 265 1168 sunt.
311 1106 424 1166 Eodem
451 1107 632 1188 apographo,
660 1126 720 1167 non
746 1110 811 1187 ipso
839 1107 940 1168 codice
964 1107 1080 1168 Murba-

64 1199 148 1257 censi
175 1195 399 1255 Bonifacium
426 1194 699 1256 Amerbachinm
730 1214 817 1257 usum
846 1215 926 1277 esse,
956 1214 1024 1256 cum
1054 1198 1082 1257 ei

64 1293 241 1365 praeceptor
255 1283 416 1344 Rhenanus
438 1286 637 1365 permisisset,
659 1292 693 1344 ut
710 1284 803 1345 libros
821 1303 928 1345 recens
946 1287 1083 1346 inventos

64 1375 97 1434 in
120 1391 209 1434 suum
231 1391 320 1432 usum
343 1371 538 1452 describeret,
562 1372 595 1433 D.
619 1373 650 1433 t.
674 1372 838 1433 Fechterus
861 1376 892 1433 in
915 1372 1014 1433 libello
1037 1376 1081 1432 in·

65 1464 177 1541 scripto
199 1457 268 1521 ‘Dte
282 1461 537 1522 Amerboohe'sche
551 1461 710 1536 Abscbrtft
727 1465 779 1522 des
805 1463 932 1523 Velleius
950 1464 1015 1522 uod
1032 1464 1083 1521 thr

73 1550 258 1610 Verhdltm'ss
280 1567 353 1610 zone
371 1550 562 1610 Murbucher
584 1551 686 1611 Codex
709 1553 774 1611 und
794 1569 855 1610 zur
874 1552 975 1611 Editio
995 1554 1081 1626 prin·

17 1672 19 1677 ·
65 1634 152 1714 ceps'
180 1657 208 1717 p.
232 1634 275 1698 52
303 1656 366 1716 sqq.
399 1640 580 1716 argumentis
612 1638 790 1698 firmissimis
818 1637 961 1716 probavit.
1008 1637 1082 1697 Cum

65 1726 185 1786 tandem
207 1726 368 1786 Rhenanus
396 1744 448 1805 spe
472 1725 594 1786 alterius
617 1726 727 1786 codicis
750 1725 891 1786 Velleiani
913 1725 1083 1785 inveniendi

66 1812 180 1874 abiecta
203 1813 405 1892 apographum
428 1833 444 1874 a
467 1833 499 1874 se
523 1823 692 1876 correctum
715 1815 876 1894 typothetis
904 1814 1083 1893 tradidisset,

66 1903 199 1962 codicem
222 1904 320 1980 ipsum
342 1897 567 1963 Murbacensem
586 1903 730 1964 Basileam
753 1902 1014 1963 transmittendum
1032 1921 1082 1962 cu·

66 1992 142 2049 ravit
165 1997 266 2067 atque,
289 1996 323 2048 ut
346 1991 409 2067 ipse
432 1991 464 2047 in
483 1991 609 2067 epistula
627 1991 663 2050 ad
684 1991 866 2069 Spalatinum
886 1992 951 2051 data
971 1990 1083 2070 scribit,

65 2080 111 2158 iis,
131 2079 182 2156 qni
199 2075 335 2137 formulis
350 2075 527 2153 castigandis
541 2079 572 2136 in
588 2078 704 2137 officina
718 2077 903 2139 Frobeniana
917 2086 1084 2158 praeerant,

66 2168 227 2246 praecepit,
244 2167 322 2227 utin
337 2164 513 2243 corrigendo
527 2163 603 2224 libro
618 2183 678 2225 non
693 2165 789 2224 solum
803 2166 1017 2246 apographum,
1032 2167 1084 2226 sed

67 2257 156 2315 etiam
171 2254 351 2334 exemplum,
371 2272 407 2314 ex
422 2272 480 2332 quo
496 2254 678 2332 descriptum
697 2260 773 2333 erat,
796 2255 987 2331 inspicerent.
1016 2253 1084 2333 Sed,

67 2351 229 2421 utcumque
249 2362 298 2403 res
317 2344 437 2423 accidit,
460 2341 529 2403 libri
546 2344 587 2403 ita
606 2344 683 2422 typis
698 2343 839 2421 exscripti
854 2349 937 2422 sunt,
956 2348 991 2402 ut
1004 2343 1084 2402 vitiis

67 2434 163 2491 omnis
187 2433 306 2509 generis
330 2439 487 2491 scaterent.
534 2431 620 2502 Quod
644 2449 712 2491 cnm
735 2430 756 2490 l.
779 2428 948 2491 hibertus
972 2429 1083 2491 Bure·

67 2521 158 2600 rius,
181 2522 369 2579 amanuensis
387 2519 536 2599 Rhenani,
559 2517 625 2579 loco
648 2519 747 2597 aliquo
770 2521 801 2580 in
826 2517 927 2578 codice
951 2521 1016 2597 ipso
1039 2521 1106 2579 inr

67 2615 169 2684 specto
193 2625 264 2668 casu
287 2605 544 2686 deprehendisset,
571 2615 668 2667 toturn
695 2607 828 2667 codicem
857 2626 925 2668 curn
949 2605 1083 2686 exemplo
1160 2608 1161 2612 ’

67 2695 144 2771 typis
168 2697 317 2772 exscrIpto
341 2688 498 2772 diligenter
522 2695 647 2755 contulit
668 2703 758 2772 atque
776 2697 812 2757 ,in
836 2694 999 2774 appendice
1023 2695 1082 2754 edi-

67 2782 140 2841 tioni
163 2783 292 2860 principi
311 2781 424 2842 adiecta
442 2783 511 2842 vitia
535 2800 551 2840 a
572 2800 603 2841 se
628 2783 744 2843 detecta
763 2783 936 2844 emendavit,
968 2782 1083 2842 Rhena-

67 2887 124 2929 nus
147 2872 210 2950 ipse
235 2886 306 2929 casu
324 2869 435 2929 infelici
453 2868 645 2930 vehementer
664 2878 842 2950 commotus,
865 2889 898 2930 re
917 2889 977 2929 non
997 2887 1082 2929 accu-

66 2961 160 3019 ratius
191 2961 324 3037 inspecta
356 2964 408 3017 aut
439 2957 622 3037 apographo,
652 2952 731 3036 q'uod
763 2960 862 3037 operis
889 2956 1084 3017 Frobenianis

67 3048 208 3108 traditum
232 3054 308 3126 erat,
330 3053 365 3105 ut
388 3045 450 3105 lere
473 3046 507 3105 fit
529 3047 587 3106 iam
611 3045 721 3125 deleto,
745 3063 863 3105 omnem
881 3045 1082 3123 neglegentiae

68 3133 184 3213 culpam
207 3138 301 3196 amico
320 3153 388 3215 suo,
412 3136 463 3214 qui
482 3133 650 3213 exemplum
663 3132 857 3194 Murbacense
877 3129 1084 3212 ‘properanter

68 3228 156 3299 atque
175 3218 345 3284 infeliciter'
365 3224 587 3303 descripsisset,
611 3221 798 3284 tribuendam
814 3240 879 3282 esse
898 3223 1083 3282 existimavit.

69 3307 127 3368 Sed
155 3309 212 3369 hoc
243 3312 387 3372 iudicium
414 3313 546 3390 iniquius
574 3329 653 3392 esse,
685 3313 716 3371 in
748 3311 955 3372 dissertatione
988 3312 1084 3371 musei
