2422 3848
185 167 204 231 8
688 167 701 220 Ι

153 349 168 393 1
274 331 303 396 9.
318 333 337 376 *
352 333 407 376 **
436 351 524 411 quam
543 336 683 394 timuerat
705 332 815 412 hostis,
839 335 959 411 expetit.
992 351 1060 393 nam
1079 333 1198 394 biennio

185 424 257 483 adeo
280 425 361 483 varia
384 424 503 482 fortuna
523 440 592 482 cum
612 420 784 482 oonsulibus
803 420 989 501 conflixerat,
1013 429 1047 482 ut
1069 423 1198 501 plerum—

185 530 242 590 que
267 514 404 590 superior
427 512 518 570 fuerit
536 527 730 588 magnamque
754 517 870 587 partem
889 508 1028 570 Graeciae
1052 513 1083 570 in
1107 514 1198 571 socie-

153 609 275 660 2tatem
299 618 384 660 suam
411 599 600 679 perduceret.
644 600 717 677 quin
739 597 847 657 Rhodii
876 616 1009 680 quoque,
1037 599 1201 659 fidehssimi

184 698 270 749 antea
293 689 447 768 RomaniS,
471 695 535 748 tum
558 687 647 748 dubia
670 687 727 746 fide
742 686 886 765 speculati
909 687 1059 748 fortunam
1081 690 1199 766 pronio-

183 795 232 836 res
262 780 343 855 regis
369 774 505 855 partibus
533 777 625 836 fuisse
654 777 709 836 visi
737 783 820 855 sunt3
853 783 883 835 et
910 794 963 834 rex
991 776 1141 836 Eumenes
1169 778 1201 834 in

185 883 221 923 eo
248 865 327 924 hello
351 865 466 925 medius
498 865 555 924 fuit
583 867 694 944 animo,
726 879 823 941 neque
855 864 957 924 fratris
984 867 1077 924 initiis
1103 882 1200 943 neque

154 964 170 1012 3
186 971 256 1013 suae
281 953 436 1032 respondit
459 953 677 1013 consuetudini.
714 960 778 1012 tum
797 959 918 1011 senatus
936 953 1124 1031 populusque
1142 952 1200 1011 Ro-

186 1059 292 1102 manus
323 1040 355 1101 L.
384 1041 542 1102 Aemilium
569 1041 707 1120 Paulum,
740 1042 792 1118 qui
822 1048 852 1100 et
883 1048 1004 1118 praetor
1036 1052 1066 1101 et
1097 1040 1201 1100 consul

185 1130 433 1210 triumphaverat,
460 1133 559 1191 virum
581 1133 613 1190 in
635 1137 751 1190 tantum
780 1127 972 1210 laudandum,
999 1132 1030 1189 in
1058 1138 1202 1208 quantum

184 1219 320 1297 intellegi
343 1221 438 1279 virtus
456 1226 568 1299 potest,
592 1216 745 1278 consulem
764 1219 887 1298 creavit,
909 1217 1003 1278 filium
1026 1220 1090 1278 eius
1109 1216 1201 1297 Pauli,

186 1309 237 1384 qui
252 1307 288 1366 ad
305 1305 420 1366 Cannas
437 1324 525 1385 quam
539 1307 773 1384 tergiversanter
786 1308 985 1384 perniciosam
1001 1309 1046 1366 rei
1065 1305 1201 1385 publicae

153 1407 319 1473 4pugnam
346 1396 467 1476 inierat,
498 1402 558 1453 tam
590 1396 710 1454 fortiter
736 1396 767 1453 in
796 1412 830 1453 ea
858 1402 984 1454 mortem
1012 1394 1135 1454 obierat.
1175 1397 1201 1453 is

187 1482 310 1542 Persam
338 1484 451 1561 ingenti
477 1481 592 1561 proelio
620 1482 698 1561 apud
726 1481 832 1542 urhem
860 1485 980 1542 nomine
1007 1482 1138 1562 Pydnam
1169 1484 1201 1541 in

186 1570 357 1631 Macedonia
380 1571 480 1631 fusum
499 1571 691 1650 fugatumque
715 1572 821 1630 castris
845 1573 927 1630 exuit
949 1571 1112 1649 deletisque
1136 1573 1201 1630 eius

187 1661 281 1736 copiis
305 1660 480 1720 destitutum
503 1661 584 1719 omni
607 1677 660 1738 spe
684 1661 781 1738 coegit
805 1677 821 1718 e
840 1658 1010 1719 Macedonia
1032 1660 1201 1738 profugere,

187 1765 276 1825 quam
290 1747 339 1808 ille
353 1747 492 1826 linquens
506 1749 537 1808 in
553 1747 681 1808 insulam
696 1747 929 1807 Samothraciam
941 1748 1073 1826 perfugit
1086 1747 1200 1825 templi·

188 1853 245 1913 que
269 1853 300 1896 se
324 1835 461 1914 religioni
484 1836 650 1915 supplicem
669 1836 804 1895 credidit.
841 1835 877 1895 ad
901 1853 970 1895 eum
985 1835 1041 1896 Cn.
1061 1835 1200 1895 Octavius

186 1931 320 2004 praetor,
353 1926 403 2002 qui
434 1923 521 1983 classi
555 1931 705 2004 praeerat,
736 1926 871 2002 pervenit
903 1931 934 1984 et
965 1926 1080 1984 ratione
1108 1926 1201 2002 magis

155 2023 276 2089 equam
303 2013 332 2070 vi
358 2014 520 2092 persuasit,
548 2020 582 2073 ut
609 2031 640 2072 se
665 2011 868 2072 Romanorum
894 2012 964 2072 fidei
992 2015 1199 2072 committeret.

185 2101 226 2158 ita
248 2098 359 2159 Paulus
382 2103 543 2161 maximum
566 2100 842 2179 nobilissimumque
866 2117 968 2178 regem
994 2103 1026 2160 in
1049 2101 1200 2181 triumpho

186 2188 278 2247 duxit.
320 2205 379 2266 quo
412 2207 489 2248 anno
522 2197 552 2249 et
579 2188 694 2250 Octavii
724 2191 872 2268 praetoris
904 2187 1014 2248 navalis
1047 2196 1077 2248 et
1104 2191 1201 2248 Anicii

184 2293 286 2354 regem
308 2275 478 2356 Illyriorum
502 2275 642 2338 Gentium
671 2285 739 2338 ante
769 2295 892 2337 currum
920 2279 1034 2355 agentis
1057 2278 1200 2356 triumphi

152 2364 268 2431 aficere
289 2364 432 2425 celehres.
469 2384 557 2444 quam
576 2369 615 2426 sit
632 2365 754 2426 adsidua
774 2368 931 2426 eminentis
945 2365 1081 2427 fortunae
1100 2385 1200 2427 comes

182 2452 292 2512 Invidia
319 2452 529 2531 altissimisque
554 2454 724 2535 adhaereat,
756 2457 844 2514 etiam
876 2454 934 2514 hoo
967 2455 1065 2533 colligi
1092 2463 1200 2536 potest,

183 2541 263 2618 quod
286 2559 355 2601 cum
368 2540 464 2601 Anicii
479 2541 651 2622 Octaviique
675 2543 863 2622 triumphum
878 2561 965 2603 nemo
988 2543 1200 2623 interpellaret,

256 2803 271 2850 1
295 2798 464 2881 hie-iumpit
481 2801 524 2866 A;
548 2801 677 2856 lacrumae
698 2803 739 2855 sic
761 2801 923 2869 expleudum
948 2801 1201 2882 censebattHoase:

184 2884 303 2949 quorum
317 2886 483 2952 munierum
501 2872 622 2954 populus
636 2872 688 2926 Ro.
702 2888 823 2952 poenam
836 2871 945 2954 terciius
963 2887 1049 2941 quam
1067 2873 1200 2954 timuerat

346 2942 454 3066 u<
494 2943 568 3083 er
850 3010 1202 3083 ,a

236 3082 356 3136 benten
376 3082 474 3165 M.
487 3085 553 3137 ante
573 3083 601 3136 P
620 3086 625 3151 1
649 3081 785 3153 primores
803 3083 831 3136 A
922 3088 937 3136 ’1
961 3081 1040 3151 [ent]
1065 3081 1200 3135 Hecataeus

182 3225 218 3273 14
238 3157 492 3292 pergghsiffizvht,
505 3170 555 3290 10171,ὓ
556 3154 610 3292 11¹4
623 3155 860 3304 Piqppmmprcem
884 3152 923 3276 ᾗ,
940 3151 1200 3305 ἔξῖἔιξὲἢᾚυεὶᾳε

181 3290 395 3378 (Propoucrit
411 3311 441 3363 p.
462 3296 546 3378 116)=,
563 3292 690 3364 profugit
707 3291 772 3346 ΑΡ
850 3291 1005 3376 1101111111
1029 3293 1093 3346 AP
1116 3299 1142 3346 et
1158 3309 1199 3374 sac

181 3365 566 3503 Zoffizpwgoaggpfflpppetpcls,
639 3370 674 3418 22
698 3365 728 3418 et
750 3368 784 3417 26
808 3363 902 3417 Amin
920 3363 948 3417 A
1029 3369 1063 3418 23
1088 3365 1198 3433 egenus
