2422 3848
473 167 496 205 c.
517 157 675 206 120-122.
777 130 781 135 ’
1017 151 1082 214 123

63 335 119 377 vos
141 319 306 377 saeviretur
334 336 351 377 a
374 316 541 398 Germanis,
567 317 712 396 praeclari
736 317 875 377 facinoris
898 324 1002 378 auctor
1026 318 1081 378 tuit

64 404 174 466 Caldus
193 404 323 486 Caelius,
346 405 521 466 adulescens
544 413 689 465 vetustate
709 405 834 465 familiae
854 424 924 465 suae
944 405 1080 485 dignissi-

63 511 147 574 mus,
165 495 217 571 qui
231 493 402 582 complexus
417 502 601 580 catenarum,
616 493 724 570 quibus
739 495 855 554 vinctus
870 502 943 575 erat,
963 496 1080 574 seriem,

63 583 107 641 ita
132 580 198 642 illas
224 581 317 643 inlisit
344 584 434 661 capiti
461 578 529 663 suo',
559 590 592 643 ut
623 583 760 660 protinus
788 584 900 661 pariter
928 584 1080 660 sanguinis

32 669 242 748 scerebrique
266 670 384 730 ellluvio
408 672 565 749 expiraret.

157 754 229 820 121.
279 757 391 819 Eadem
427 760 521 818 virtus
559 767 588 818 et
621 758 742 818 fortuna
775 758 971 838 subsequenti
1006 761 1110 818 tem-1

63 864 137 926 pore
170 848 298 925 ingressi
326 846 512 907 Germaniam
544 849 731 926 imperatoris
759 846 872 907 Tiberii
904 846 972 926 luit,
1005 864 1080 924 quae

12 981 16 989 .
63 936 150 995 initio
175 935 279 995 luerat.
325 938 377 1013 qui
400 936 554 995 concussis
581 934 712 994 hostium
740 935 852 994 viribus
876 935 1007 995 classicis
1029 952 1079 1013 pe·

63 1021 219 1101 ditumque
239 1022 491 1104 expeditionibus,
512 1041 581 1082 cum
599 1041 648 1082 res
663 1021 822 1083 Galliarum
837 1024 979 1082 maximae
995 1022 1080 1082 molis

20 1128 50 1170 ιο
63 1128 264 1189 accensasque
297 1110 392 1190 plebis
420 1110 633 1171 Viennensium
665 1110 867 1171 dissensiones
899 1112 1080 1170 coercitione

62 1200 157 1277 magis
186 1216 274 1276 quam
302 1217 397 1278 poena
424 1198 580 1279 mollisset,
608 1206 639 1259 et
666 1206 786 1260 senatus
811 1198 998 1278 populusque
1021 1197 1079 1257 Ro·

62 1304 170 1347 manus
188 1287 356 1366 postulante
375 1294 458 1366 patre
479 1289 556 1367 eius,
580 1296 613 1347 ut
632 1305 761 1363 aequum
780 1289 808 1347 ei
826 1288 873 1346 ius
891 1289 922 1346 in
942 1285 1080 1347 omnibus

61 1376 225 1454 provinciis
253 1374 492 1453 exercitibusque
520 1383 613 1455 esset,
646 1394 734 1453 quam
762 1382 825 1435 erat
854 1377 925 1456 ipsi,
958 1375 1080 1435 decreto

62 1462 236 1542 complexus
260 1471 340 1524 essct
363 1457 488 1544 (etenim
508 1463 669 1524 absurdum
689 1472 753 1524 erat
776 1481 836 1523 non
857 1482 923 1523 esse
947 1463 1002 1523 sub
1020 1462 1080 1544 illo,

20 1566 48 1609 ra
62 1568 139 1630 quae
162 1549 199 1611 ab
222 1551 272 1611 illo
292 1550 528 1630 vindicabantur,
552 1560 582 1612 et
605 1554 657 1629 qui
675 1551 711 1611 ad
735 1570 822 1630 opem
843 1552 996 1611 terendam
1018 1553 1109 1630 pri-2

62 1648 130 1699 mus
153 1646 230 1720 erat,
258 1640 294 1698 ad
318 1639 526 1699 vindicandum
548 1638 693 1699 honorem
718 1657 777 1699 non
801 1639 927 1699 iudicari
952 1637 1079 1720 parem),

60 1728 93 1787 in
117 1726 223 1787 urbem
246 1745 385 1788 reversus
403 1729 461 1787 iam
479 1727 595 1806 pridem
614 1726 762 1806 debitum,
785 1727 837 1787 sed
856 1728 1079 1786 continuatione

61 1813 210 1876 bellorum
229 1815 352 1875 dilatum
370 1834 406 1876 ex
420 1814 580 1876 Pannoniis
594 1814 793 1893 Delmatisque
811 1816 871 1893 egit
885 1814 1078 1893 triumphum.

61 1904 150 1964 cuius
174 1904 421 1982 magnificentiam
449 1906 515 1982 quis
538 1905 664 1964 miretur
692 1906 723 1962 iu
748 1899 895 1963 Caesare?
937 1903 1108 1968 [cumaeo

20 2008 132 2051 »vero
156 1994 223 2071 quis
247 2010 306 2051 non
331 1993 456 2052 miretur
478 1987 713 2070 indulgentiam?
755 1993 864 2071 quippe
888 1993 984 2050 omnis
1008 1993 1078 2050 erni·

61 2081 254 2141 nentissimos
278 2079 409 2139 bostium
428 2080 519 2140 duces
543 2098 603 2139 non
623 2081 738 2139 occisos
761 2080 837 2139 lama
860 2081 1003 2159 narravit,
1026 2078 1078 2139 sed

61 2169 177 2228 vinctos
198 2167 368 2246 triumphus
385 2167 528 2246 ostendit3
553 2185 641 2245 quern
660 2167 732 2226 mibi
751 2167 895 2245 fratrique
914 2185 981 2226 meo
999 2169 1079 2227 inter

61 2256 240 2333 praecipuos
272 2255 499 2333 praecipuisque
530 2253 615 2313 donis
645 2253 802 2314 adornatos
833 2256 912 2313 viros
944 2256 1079 2314 comitari

63 2343 198 2420 contigit.

20 2446 48 2489 so
155 2426 226 2489 122.
260 2428 333 2498 Quis
353 2424 412 2487 uon
431 2430 509 2487 inter
528 2426 655 2506 reliqua,
674 2427 782 2506 quibus
802 2427 960 2507 singularis
979 2429 1109 2489 mode-1

62 2518 138 2577 ratio
162 2516 207 2577 Ti.
230 2515 364 2576 Caesaris
387 2515 485 2575 elucet
508 2523 596 2593 atque
619 2517 744 2596 eminet,
767 2516 823 2576 hoc
848 2534 966 2594 qnoque
990 2518 1078 2577 mire·

61 2611 127 2685 tur,
155 2605 248 2684 quod,
276 2622 345 2664 cum
375 2607 439 2664 stne
467 2603 526 2663 ulla
556 2602 738 2663 dubitatione
769 2612 884 2683 septem
911 2604 1078 2683 triumphos

62 2694 220 2773 meruerit,
258 2691 354 2752 tribus
386 2698 544 2752 contentus
581 2686 658 2751 luit?
716 2694 784 2769 quis
822 2695 902 2752 enim
942 2692 1078 2753 dubitare

135 2922 151 2970 2
171 2914 283 2970 Coelius
301 2915 329 2968 A
353 2915 358 2979 Ι
383 2914 546 2968 adulescens
564 2913 715 2968 Ruhnken:
734 2913 771 2967 ad
788 2913 846 2966 ΑΡ
930 2920 946 2966 5
966 2913 1078 2968 effluvio

61 2987 191 3055 IApec'us:
210 2986 240 3039 in
257 2985 342 3039 fluuio
361 2984 418 3037 ΑΡ
472 2983 605 3039 deedem
619 2985 659 3038 A:
679 2983 778 3037 eadem
796 2985 825 3038 et
845 2984 873 3037 P
926 2984 1080 3053 'tingressi

62 3057 244 3112 Germaniam
262 3056 388 3111 Bardili:
407 3055 533 3124 ingresse
551 3052 674 3108 animum
693 3053 829 3123 (animum
849 3054 886 3120 P)
906 3055 1001 3107 MAP

61 3133 80 3182 8
100 3126 224 3182 contusis
242 3127 379 3181 Ruhnken
468 3130 501 3177 10
524 3140 709 3193 accensasque
730 3125 768 3179 P:
791 3140 963 3192 accensaque
983 3125 1047 3178 MA
1072 3126 1076 3195 t

61 3198 147 3270 plebe
165 3199 193 3252 A
209 3202 214 3267 Ι
231 3195 371 3252 coertione
389 3194 447 3249 ΑΡ
510 3200 542 3248 11
562 3195 591 3248 et
609 3196 673 3250 add.
691 3196 842 3250 Rhenoque
906 3201 938 3248 12
958 3210 1079 3263 aequum

62 3269 153 3324 eiius
171 3270 254 3324 idem
274 3284 376 3335 equum
394 3265 453 3323 eiua
472 3264 530 3317 ΑΡ
612 3271 645 3319 13
664 3266 761 3336 qnam]
781 3267 865 3334 atque
883 3267 946 3322 mal.
968 3264 1052 3321 Orelli
1071 3266 1074 3336 l

60 3340 274 3465 pffippqo·
293 3337 384 3462 ilii}
413 3341 493 3459 tall
511 3334 957 3465 bllssilildtbtulifbll
972 3336 1078 3464 ppt
