2422 3848
274 187 316 251 ro
574 271 580 281 ,
776 188 790 241 1

242 355 413 435 adurimus,
445 364 528 415 extra
554 355 667 416 ltaliam
697 354 811 416 colonia
843 355 961 415 condita
991 362 1045 415 est.
1092 357 1128 416 de
1157 356 1199 417 De

271 443 444 524 ambigitur,
470 442 569 504 Narbo
597 452 697 504 autem
718 443 842 504 Martius
864 445 896 502 in
919 443 1011 504 Gallia
1033 444 1140 505 Porcio
1163 444 1209 504 hia

272 551 329 612 que
354 532 524 593 consuhbus
548 532 655 592 abhinc
678 549 771 592 annos
794 533 914 592 circiter
944 540 1065 592 centum
1092 534 1211 612 quadra

272 639 323 681 sex
355 621 482 681 deducta
518 620 633 680 colonia
669 627 724 682 est.
784 627 853 698 post
888 620 1096 699 duodeviginti·
1126 640 1211 681 anno

270 708 429 787 Bagiennis
457 707 604 787 Eporedia
631 708 723 769 Mario
750 716 866 768 sextum
889 707 1064 786 Valerioque
1087 709 1192 770 Flacco

271 797 395 858 sulibus.
437 815 534 876 neque
566 797 652 857 facile
681 798 840 857 memoriae
872 797 1087 878 mandaverim,
1120 816 1194 876 quae

272 886 408 946 militaris
431 885 578 964 posthoc
602 892 720 965 tempus
743 884 871 950 deducta
893 887 940 944 sit.

241 985 254 1032 1
362 972 411 1035 16.
450 973 525 1034 Cum
552 973 624 1034 11111
653 973 798 1052 particula
826 975 926 1052 operis
954 972 1036 1034 velut
1063 973 1188 1034 sormam

269 1065 359 1142 positi
391 1063 567 1142 excesserit,
599 1079 777 1140 quamquam
808 1061 948 1140 intellego
980 1061 1053 1122 mihi
1084 1065 1115 1122 in
1143 1062 1197 1123 hac

268 1153 425 1229 praecipiti
447 1151 649 1230 festinatione,
679 1169 754 1229 quae
778 1168 825 1209 me
848 1157 931 1210 rotae
954 1153 1078 1229 pronive
1101 1154 1209 1229 gurgit'

269 1241 389 1299 verticis
416 1238 504 1298 modo
532 1256 680 1316 nusquam
710 1240 823 1317 patitur
855 1240 1034 1320 consistere,
1066 1257 1159 1318 paene
1200 1264 1211 1294 1

272 1329 440 1386 necessaria
467 1326 684 1405 praetereunda
710 1345 800 1405 quam
828 1345 1046 1405 supervacanea
1074 1328 1211 1407 amplect.

270 1432 387 1492 nequeo
416 1422 514 1475 tamen
543 1423 709 1494 temperare
737 1415 823 1496 mihi,
853 1418 925 1494 quin
948 1434 1013 1476 rem
1036 1435 1124 1495 saepe
1148 1419 1208 1496 agit

270 1504 367 1562 animo
390 1521 457 1562 meo
481 1521 578 1581 neque
602 1503 638 1564 ad
665 1504 811 1582 liquidum
834 1507 950 1564 ratione
973 1504 1148 1584 perductam
1172 1507 1211 1564 si

240 1591 347 1652 astilo.
384 1593 450 1669 quis
474 1593 553 1651 enim
567 1591 684 1652 abunde
698 1594 800 1652 mirari
822 1600 935 1673 potest,
959 1593 1038 1671 quod
1053 1595 1210 1653 emicantis

270 1681 417 1757 cuiusque
448 1680 643 1758 professionis
674 1682 793 1759 ingenia
825 1683 856 1740 in
888 1681 1012 1740 eandem
1045 1682 1170 1741 sormam
1204 1705 1211 1736 1

270 1769 349 1828 idem
373 1769 461 1828 artati
483 1771 627 1846 temporis
641 1787 807 1848 congruere
823 1772 964 1850 spatium,
988 1779 1017 1830 11
1039 1770 1209 1847 1111111111

271 1856 369 1916 clausa
393 1874 481 1935 capso
505 1855 597 1916 aliove
621 1865 723 1935 saepto
747 1857 857 1917 diversi
885 1860 1002 1935 generis
1031 1858 1167 1918 animaha

270 1946 368 2004 minus
401 1952 535 2022 separata
563 1945 666 2004 alienis
705 1947 737 2004 in
772 1963 866 2006 unum
902 1964 1037 2024 quaeque
1074 1965 1184 2026 corpus

270 2039 444 2112 gregantur,
476 2035 517 2091 ita
550 2035 695 2111 cuiusque
728 2033 800 2093 clari
832 2036 931 2112 operis
964 2038 1081 2114 capacia
1111 2038 1209 2114 ingen'

271 2120 463 2181 similitudine
492 2128 523 2181 et
549 2129 717 2202 temporum
750 2130 780 2182 11
811 2123 1001 2202 profectuum
1033 2132 1128 2184 semet
1157 2127 1211 2203 ips

240 2208 335 2268 aaliis
363 2218 583 2289 separaverunt.
620 2229 678 2271 una
706 2230 803 2289 neque
831 2211 993 2272 multorum
1021 2230 1166 2272 annorum
1191 2232 1204 2272 s

271 2298 362 2359 divisa
385 2307 466 2360 aetas
488 2318 542 2377 per
566 2299 657 2360 divini
671 2301 794 2378 spiritus
809 2301 901 2378 viros,
924 2300 1101 2378 Aeschylum
1118 2301 1211 2379 Soph·

269 2384 447 2468 Euripiden,
479 2387 647 2448 inlustravit
679 2387 873 2466 tragoediam,
905 2406 964 2448 una
991 2391 1121 2467 priscam
1148 2389 1210 2448 illas

270 2482 402 2535 veterem
430 2474 485 2535 suh
515 2474 634 2535 Cratino
658 2473 913 2554 Aristophaneque
943 2484 972 2536 11
995 2475 1140 2555 Eupolide
1169 2497 1204 2537 co

343 2679 457 2732 lextra
476 2678 562 2733 aliam
580 2679 607 2731 A
702 2681 833 2735 2Poriio
852 2681 1003 2750 Marcoque
1022 2683 1080 2735 ΑΡ
1172 2691 1187 2736 3

271 2746 399 2815 Lipsius:
418 2749 561 2803 11111111>
641 2755 658 2803 4
675 2770 745 2805 xv111
763 2752 865 2806 Aldus:
884 2773 954 2806 xxm
973 2753 1031 2806 ΑΡ
1115 2760 1130 2808 5
1150 2754 1209 2823 Bag

272 2819 399 2886 seporedi
414 2820 491 2886 MA‚
510 2819 658 2874 Baciennis
676 2821 817 2890 Eporedia
836 2824 882 2892 ΡΙ
899 2825 1008 2878 sextum
1027 2823 1156 2879 Clodios:
1177 2842 1206 2879 se

271 2891 334 2958 (es)
354 2890 448 2943 MAP
529 2898 544 2944 6
563 2890 643 2945 facili
659 2892 687 2945 A
768 2893 832 2947 9111
850 2910 900 2948 om.
915 2895 943 2948 A
1026 2902 1058 2949 12
1079 2912 1211 2965 superna

273 2958 370 3015 Orelli:
390 2961 558 3030 superuenire
575 2962 611 3028 A,
630 2978 801 3030 supervacua
821 2965 855 3034 P,
874 2967 908 3031 ef.
928 2972 954 3031 2,
968 2973 1041 3033 3112
1125 2973 1158 3021 16
1177 2968 1207 3019 in

270 3032 329 3084 AP
422 3039 455 3086 17
475 3038 629 3100 congruere
647 3033 794 3088 Heinsio&
814 3052 967 3104 congruens
987 3037 1052 3104 ΑΡ,
1071 3054 1209 3106 congrus·

273 3105 462 3172 congruerunt
475 3104 528 3157 olii
601 3107 633 3156 18
654 3103 748 3158 111111
763 3106 791 3159 A
807 3107 811 3173 l
827 3123 912 3175 capso
928 3108 1004 3160 MA:
1027 3124 1113 3176 capsa
1129 3109 1174 3174 ΡΙ
1192 3125 1208 3161 1

272 3173 400 3242 Lipsius:
420 3174 533 3243 alioque
552 3174 628 3242 AP'l
645 3177 724 3243 septo
745 3176 773 3229 P
791 3177 858 3243 (ooo
875 3178 913 3245 A)
1008 3183 1187 3245 laqueoque

271 3260 381 3312 quoque
395 3246 460 3315 ΑΡ,
479 3245 608 3314 qnodque
627 3245 867 3303 11111111181111.
940 3252 972 3300 21
993 3247 1205 3303 similitudinem

272 3330 319 3369 em.
338 3315 448 3372 Ruhnlc.
522 3322 555 3370 23
574 3315 714 3385 perdiuini
733 3317 780 3385 Pl
797 3317 966 3387 Sophoclem
984 3317 1147 3388 Euripidem
1163 3322 1211 3377 Pl

271 3384 350 3438 habet
367 3388 405 3454 A)
504 3393 539 3441 24
556 3387 717 3457 tragoedias
735 3388 800 3457 AP,
823 3407 870 3443 em.
889 3389 1019 3443 Burman
1035 3393 1039 3456 Ι
1059 3408 1144 3445 unam
1163 3393 1190 3444 A

272 3458 305 3507 21
316 3454 557 3526 Aristophaneque
568 3460 597 3512 et
607 3457 703 3513 Orelli:
719 3459 962 3528 Aristophanoque
972 3461 1008 3530 A,
1023 3462 1209 3532 Aristophane
