2414 3854
142 187 186 250 74
636 188 662 241 ΙΙ

139 362 234 416 313131
261 353 432 434 eoncordia,
458 371 515 413 neo
542 352 632 413 ullam
659 351 729 412 belli
758 352 851 413 civilis
878 351 1066 432 praebituros
1094 370 1154 411 ma-

140 445 263 523 teriam,
291 442 453 520 plurimum
485 441 542 501 sibi
573 442 696 501 honoris
724 459 790 501 osse
817 443 848 501 in
877 443 1057 502 conscientia
1085 440 1156 500 sacti

140 534 201 611 sui,
223 530 350 610 proiecti
373 529 448 591 urbe
471 538 559 608 atque
574 529 670 610 ltalia,
693 531 808 589 intento
824 548 859 590 33
881 532 946 608 pari
968 531 1066 590 animo
1091 531 1155 589 siue

140 621 316 680 auctoritate
348 618 466 697 publiea
498 620 665 697 provincias
697 619 905 696 exercitusque
939 625 1157 697 occupaverant

140 717 183 790 et,
205 707 386 786 ubicumque
400 709 458 786 Ipsi
481 714 594 786 essent,
616 713 824 785 praetexentes
838 725 904 766 esse
918 725 983 767 rem
996 705 1155 787 publicam,
1168 717 1181 757 ⁶

139 798 281 876 pecunias
310 798 412 876 etiam,
443 812 518 873 quae
546 813 583 855 ex
610 796 816 855 transmarinis
843 796 1004 874 provinciis
1031 794 1155 855 Romam

141 885 177 945 ab
206 883 413 962 quaestoribus
443 882 690 964 deportabantur,
722 902 738 942 a
769 882 937 944 volentibus
969 890 1154 963 acceperant.

106 984 216 1051 431133
250 975 348 1032 omnia
379 980 500 1033 senatus
532 971 661 1032 decretis
693 989 869 1050 comprensa
901 979 931 1032 et
965 970 1154 1051 comprobata

141 1069 211 1122 sunt
234 1069 264 1121 et
286 1060 320 1120 11.
339 1060 446 1141 Bruto,
473 1060 553 1140 quod
580 1059 675 1120 alieno
699 1058 843 1120 beneficio
866 1062 991 1141 viveret,
1014 1060 1155 1120 decretus

140 1150 325 1230 triumphus,
352 1149 464 1209 Pansae
488 1156 576 1227 atque
600 1147 690 1208 Hirtii
712 1165 838 1228 corpora
860 1147 979 1228 publiea
1001 1148 1155 1228 sepultura
1170 1158 1195 1199 1⁰

108 1237 297 1318 thonorata,
330 1235 463 1297 Caesaris
491 1236 564 1296 adeo
592 1236 673 1296 nulla
704 1235 804 1296 habita
834 1239 961 1317 mentio,
992 1245 1027 1297 ut
1057 1236 1156 1316 legati,

141 1329 193 1405 qui
219 1325 256 1385 ad
284 1327 449 1385 exercitum
476 1327 542 1385 eius
568 1326 653 1384 missi
680 1333 777 1405 erant,
806 1324 983 1386 iuberentur
1007 1333 1155 1385 summoto

140 1432 176 1474 eo
199 1414 308 1473 milites
331 1412 458 1492 adloqui.
495 1430 555 1472 non
578 1413 635 1472 luit
657 1419 718 1472 tam
731 1415 865 1492 ingratus
880 1415 1043 1495 exercitus,
1067 1431 1156 1491 quam

139 1503 238 1562 fuerat
260 1510 394 1563 senatus:
417 1519 485 1560 nam
504 1518 573 1561 oum
588 1518 653 1560 eam
667 1502 806 1562 iniuriam
819 1501 1031 1563 dissImulando
1047 1500 1155 1562 Caesar

139 1592 203 1670 ipse
227 1590 332 1670 terret,
362 1608 508 1668 negavere
538 1589 647 1649 milites
670 1591 734 1649 sine
758 1592 936 1668 imperatore
960 1609 1014 1650 suo
1038 1589 1097 1650 ulla
1121 1599 1194 1650 se1⁵

59 1755 63 1770 Ι
106 1679 294 1740 3331111133
317 1678 461 1739 mandata.
498 1677 555 1738 hoo
579 1685 625 1738 est
646 1677 720 1739 illud
743 1685 875 1760 tempus,
899 1697 958 1757 quo
982 1677 1086 1739 Cicero
1110 1680 1154 1739 in·

140 1770 197 1828 sito
225 1785 324 1828 amore
352 1765 598 1846 Pompeianarum
629 1769 759 1845 partium
787 1766 943 1827 Caesarem
975 1766 1154 1828 laudandum

140 1865 170 1916 31
201 1855 365 1916 tollendum
397 1853 549 1935 censebat,
586 1873 655 1915 oum
688 1854 767 1915 aliud
799 1854 925 1936 diceret,
957 1855 1036 1915 aliud
1068 1855 1153 1916 intel·

139 1943 198 2023 legi
219 1943 316 2003 vellet.

108 2044 124 2092 1
229 2028 280 2092 63.
317 2031 440 2091 Interim
454 2031 599 2092 Antonius
622 2031 691 2110 fuga
711 2040 917 2110 transgressus
930 2031 1035 2113 Alpes,
1056 2034 1153 2112 primo
1168 2041 1194 2081 20

138 2139 193 2200 per
216 2119 373 2199 conloquia
396 2119 535 2199 repulsus
549 2138 566 2179 a
579 2118 616 2179 M.
630 2119 756 2200 Lepido,
779 2121 831 2198 qui
853 2119 986 2198 pontilex
1008 2122 1153 2181 maximus

138 2211 170 2268 in
194 2207 224 2268 C.
249 2207 383 2269 Caesaris
410 2207 510 2268 loeum
540 2208 620 2269 furto
649 2216 768 2269 creatus
790 2207 910 2268 decreta
933 2207 990 2268 sibi
1013 2207 1154 2288 Hispania

138 2296 235 2358 adhue
262 2300 294 2357 in
322 2296 412 2357 Gallia
440 2295 624 2378 morabatur,
656 2314 725 2356 mox
754 2297 872 2374 saepius
899 2297 931 2356 iu
959 2305 1154 2376 conspectum

138 2388 261 2446 veniens
283 2385 411 2446 militum
434 2378 518 2467 (eum
542 2393 572 2446 31
585 2383 697 2464 Lepido
720 2402 823 2445 omnes
845 2386 1040 2462 imperatores
1054 2385 1154 2447 loreut

140 2474 278 2534 meliores
302 2481 333 2534 et
350 2473 451 2534 multis
465 2473 625 2554 Antonius,
648 2473 719 2533 dum
733 2480 797 2532 3131
811 2466 958 2554 sobrius),
981 2492 1036 2552 per
1050 2492 1153 2535 aversa
1167 2482 1194 2524 ²⁵

139 2569 306 2622 castrorum
341 2568 466 2640 proruto
497 2561 573 2621 vallo
606 2579 622 2621 a
653 2559 797 2621 militibus
829 2568 968 2640 receptus
1001 2570 1059 2624 est:
1101 2566 1153 2642 qui

138 2642 225 2709 titulo
248 2650 366 2727 imperii
389 2648 512 2709 cedebat
535 2648 660 2730 Lepido,
688 2667 757 2710 oum
783 2666 898 2709 summa
924 2652 1032 2711 virium
1059 2669 1153 2731 penes

105 2750 208 2798 neum
239 2736 325 2797 13131.
376 2735 431 2798 sub
459 2736 580 2798 Antonii
611 2739 780 2816 ingressum
811 2739 843 2797 in
876 2745 972 2798 333113
999 2738 1152 2800 luventius

138 2825 321 2906 Laterensis,
343 2827 388 2885 vir
403 2827 461 2885 vita
484 2844 517 2886 33
541 2833 637 2886 morte
661 2833 892 2906 consentaneus,
916 2843 985 2887 oum
1007 2830 1151 2888 acerrime

139 2915 282 2976 suasisset
304 2913 430 2994 Lepido,
458 2932 495 2974 ne
524 2933 556 2974 33
585 2932 652 2974 cum
675 2913 803 2974 Antonio
825 2913 911 2975 hoste
934 2915 1063 2976 iudicato
1086 2917 1151 2976 iun·
1166 2924 1193 2965 ³⁰

106 3011 235 3085 ageret,
268 3004 377 3064 inritus
405 3001 520 3063 consilii
547 3001 643 3081 gladio
670 3021 702 3063 33
730 3003 793 3082 ipse
822 3003 975 3064 transfixit.
1024 3003 1152 3065 Plancus

209 3246 396 3315 3331131313
413 3245 543 3299 ernao
606 3243 818 3298 rauolantibus
837 3244 864 3298 A
926 3244 1007 3315 9D.]
1022 3244 1109 3300 Decio
1123 3245 1152 3299 A

193 3321 227 3369 14
245 3315 368 3370 *Caesar
385 3316 460 3386 ipso:
490 3314 602 3370 0333311
619 3314 684 3381 AP,
704 3313 805 3369 033331
822 3331 848 3369 o.
957 3319 990 3370 18
1009 3315 1081 3370 aliut
1099 3357 1106 3371 .
1122 3357 1150 3372 ..

137 3385 210 3439 aliut
227 3386 254 3438 A
327 3393 360 3441 21
380 3386 429 3455 qui
446 3388 524 3456 pont.
543 3402 615 3440 max.
635 3401 685 3440 om.
704 3387 732 3439 A
795 3391 830 3440 25
848 3401 977 3441 auersam
995 3387 1152 3442 castrorum

137 3457 253 3527 proruta
271 3456 336 3523 AP,
354 3473 402 3512 em.
422 3456 550 3513 Gelenius
622 3463 657 3511 26
676 3473 693 3511 3
711 3457 776 3514 odd.
794 3456 929 3513 Heinsius
