<?xml version="1.0" encoding="UTF-8"?>
<!DOCTYPE html PUBLIC "-//W3C//DTD XHTML 1.0 Transitional//EN"
    "http://www.w3.org/TR/xhtml1/DTD/xhtml1-transitional.dtd">
<html xmlns="http://www.w3.org/1999/xhtml" xml:lang="en" lang="en">
 <head>
  <title>
</title>
<meta http-equiv="Content-Type" content="text/html;charset=utf-8" />
  <meta name='ocr-system' content='tesseract 3.04.00' />
  <meta name='ocr-capabilities' content='ocr_page ocr_carea ocr_par ocr_line ocrx_word'/>
</head>
<body>
  <div class='ocr_page' id='page_1' title='image "./exhistoriaeroma00pategoog_0115.png"; bbox 0 0 2422 3848; ppageno 0'>
   <div class='ocr_carea' id='block_1_1' title="bbox 132 162 649 224">
    <p class='ocr_par' dir='ltr' id='par_1_1' title="bbox 132 162 649 224">
     <span class='ocr_line' id='line_1_1' title="bbox 132 162 649 224; baseline -0.014 0"><span class='ocrx_word' id='word_1_1' title='bbox 132 162 197 224; x_wconf 84' lang='lat'>104</span> <span class='ocrx_word' id='word_1_2' title='bbox 622 164 649 217; x_wconf 88' lang='grc' dir='ltr'>ΙΙ</span> 
     </span>
    </p>
   </div>
   <div class='ocr_carea' id='block_1_2' title="bbox 69 318 1190 2785">
    <p class='ocr_par' dir='ltr' id='par_1_2' title="bbox 130 318 1148 583">
     <span class='ocr_line' id='line_1_2' title="bbox 130 318 1145 408; baseline -0.001 -22"><span class='ocrx_word' id='word_1_3' title='bbox 130 322 267 408; x_wconf 86' lang='lat' dir='ltr'>Romani,</span> <span class='ocrx_word' id='word_1_4' title='bbox 299 319 379 388; x_wconf 89' lang='lat' dir='ltr'>illinc</span> <span class='ocrx_word' id='word_1_5' title='bbox 407 327 586 389; x_wconf 81' lang='lat' dir='ltr'>Parthorum</span> <span class='ocrx_word' id='word_1_6' title='bbox 613 329 775 408; x_wconf 79' lang='lat' dir='ltr'>exercitae,</span> <span class='ocrx_word' id='word_1_7' title='bbox 808 340 876 387; x_wconf 86' lang='lat' dir='ltr'>oum</span> <span class='ocrx_word' id='word_1_8' title='bbox 908 319 966 387; x_wconf 88' lang='lat' dir='ltr'>duo</span> <span class='ocrx_word' id='word_1_9' title='bbox 999 318 1078 386; x_wconf 86' lang='lat' dir='ltr'>inter</span> <span class='ocrx_word' id='word_1_10' title='bbox 1112 333 1145 386; x_wconf 81' lang='lat' dir='ltr'>&#39;se</span> 
     </span>
     <span class='ocr_line' id='line_1_3' title="bbox 131 416 1147 496; baseline -0.001 -21"><span class='ocrx_word' id='word_1_11' title='bbox 131 417 366 477; x_wconf 66' lang='lat' dir='ltr'>affluentissima</span> <span class='ocrx_word' id='word_1_12' title='bbox 401 418 596 496; x_wconf 89' lang='lat' dir='ltr'>imperiorum</span> <span class='ocrx_word' id='word_1_13' title='bbox 632 425 663 477; x_wconf 91' lang='lat' dir='ltr'>et</span> <span class='ocrx_word' id='word_1_14' title='bbox 697 416 851 476; x_wconf 90' lang='lat' dir='ltr'>hominum</span> <span class='ocrx_word' id='word_1_15' title='bbox 887 417 1003 476; x_wconf 82' lang='lat' dir='ltr'>coirent</span> <span class='ocrx_word' id='word_1_16' title='bbox 1040 416 1147 496; x_wconf 89' lang='lat' dir='ltr'>capita,</span> 
     </span>
     <span class='ocr_line' id='line_1_4' title="bbox 130 503 1148 583; baseline -0.002 -19"><span class='ocrx_word' id='word_1_17' title='bbox 130 521 273 582; x_wconf 85' lang='lat' dir='ltr'>perquam</span> <span class='ocrx_word' id='word_1_18' title='bbox 306 503 418 564; x_wconf 90' lang='lat' dir='ltr'>alarum</span> <span class='ocrx_word' id='word_1_19' title='bbox 447 512 478 565; x_wconf 89' lang='lat' dir='ltr'>et</span> <span class='ocrx_word' id='word_1_20' title='bbox 506 503 695 564; x_wconf 83' lang='lat' dir='ltr'><strong>memorabile</strong></span> <span class='ocrx_word' id='word_1_21' title='bbox 728 503 783 564; x_wconf 88' lang='lat' dir='ltr'>sub</span> <span class='ocrx_word' id='word_1_22' title='bbox 817 505 901 564; x_wconf 91' lang='lat' dir='ltr'>initia</span> <span class='ocrx_word' id='word_1_23' title='bbox 928 503 1148 583; x_wconf 83' lang='lat' dir='ltr'><strong>stipendiorum</strong></span> 
     </span>
    </p>

    <p class='ocr_par' dir='ltr' id='par_1_3' title="bbox 99 590 1184 1026">
     <span class='ocr_line' id='line_1_5' title="bbox 99 590 1147 670; baseline -0.002 -18"><span class='ocrx_word' id='word_1_24' title='bbox 99 605 267 652; x_wconf 82' lang='lat' dir='ltr'>emeorum</span> <span class='ocrx_word' id='word_1_25' title='bbox 290 592 411 653; x_wconf 89' lang='lat' dir='ltr'>tribuno</span> <span class='ocrx_word' id='word_1_26' title='bbox 434 592 561 653; x_wconf 90' lang='lat' dir='ltr'>militum</span> <span class='ocrx_word' id='word_1_27' title='bbox 584 592 656 652; x_wconf 91' lang='lat' dir='ltr'>mihi</span> <span class='ocrx_word' id='word_1_28' title='bbox 678 594 774 652; x_wconf 88' lang='lat' dir='ltr'>visere</span> <span class='ocrx_word' id='word_1_29' title='bbox 798 594 934 670; x_wconf 85' lang='lat' dir='ltr'>contigit:</span> <span class='ocrx_word' id='word_1_30' title='bbox 958 609 1047 670; x_wconf 91' lang='lat' dir='ltr'>quem</span> <span class='ocrx_word' id='word_1_31' title='bbox 1070 590 1147 651; x_wconf 94' lang='lat' dir='ltr'>mili·</span> 
     </span>
     <span class='ocr_line' id='line_1_6' title="bbox 132 678 1175 761; baseline -0.007 -21"><span class='ocrx_word' id='word_1_32' title='bbox 132 683 190 740; x_wconf 91' lang='lat' dir='ltr'>tiae</span> <span class='ocrx_word' id='word_1_33' title='bbox 219 680 342 759; x_wconf 84' lang='lat' dir='ltr'>gradum</span> <span class='ocrx_word' id='word_1_34' title='bbox 370 689 439 741; x_wconf 92' lang='lat' dir='ltr'>ante</span> <span class='ocrx_word' id='word_1_35' title='bbox 467 680 522 741; x_wconf 91' lang='lat' dir='ltr'>sub</span> <span class='ocrx_word' id='word_1_36' title='bbox 550 688 634 759; x_wconf 91' lang='lat' dir='ltr'>patre</span> <span class='ocrx_word' id='word_1_37' title='bbox 662 687 729 761; x_wconf 90' lang='lat' dir='ltr'>tuo,</span> <span class='ocrx_word' id='word_1_38' title='bbox 756 679 793 740; x_wconf 89' lang='lat' dir='ltr'>M.</span> <span class='ocrx_word' id='word_1_39' title='bbox 816 679 924 761; x_wconf 80' lang='lat' dir='ltr'>Vinici,</span> <span class='ocrx_word' id='word_1_40' title='bbox 954 688 984 741; x_wconf 89' lang='lat' dir='ltr'>et</span> <span class='ocrx_word' id='word_1_41' title='bbox 1011 679 1043 739; x_wconf 92' lang='lat' dir='ltr'>P.</span> <span class='ocrx_word' id='word_1_42' title='bbox 1072 678 1175 738; x_wconf 78' lang='lat' dir='ltr'>Silioa</span> 
     </span>
     <span class='ocr_line' id='line_1_7' title="bbox 133 767 1148 849; baseline -0.002 -20"><span class='ocrx_word' id='word_1_43' title='bbox 133 770 303 848; x_wconf 79' lang='lat' dir='ltr'>auspicatus</span> <span class='ocrx_word' id='word_1_44' title='bbox 325 771 357 828; x_wconf 92' lang='lat' dir='ltr'>in</span> <span class='ocrx_word' id='word_1_45' title='bbox 380 768 505 828; x_wconf 87' lang='lat' dir='ltr'>Thracia</span> <span class='ocrx_word' id='word_1_46' title='bbox 527 767 770 849; x_wconf 81' lang='lat' dir='ltr'>Macedoniaque,</span> <span class='ocrx_word' id='word_1_47' title='bbox 796 787 865 829; x_wconf 83' lang='lat' dir='ltr'>mcx</span> <span class='ocrx_word' id='word_1_48' title='bbox 888 767 996 828; x_wconf 80' lang='lat' dir='ltr'>Achaia</span> <span class='ocrx_word' id='word_1_49' title='bbox 1018 768 1148 846; x_wconf 79' lang='lat' dir='ltr'>Asiaque</span> 
     </span>
     <span class='ocr_line' id='line_1_8' title="bbox 133 856 1148 937; baseline -0.001 -20"><span class='ocrx_word' id='word_1_50' title='bbox 133 865 163 917; x_wconf 90' lang='lat' dir='ltr'>et</span> <span class='ocrx_word' id='word_1_51' title='bbox 195 856 333 917; x_wconf 90' lang='lat' dir='ltr'>omnibus</span> <span class='ocrx_word' id='word_1_52' title='bbox 366 856 402 916; x_wconf 91' lang='lat' dir='ltr'>ad</span> <span class='ocrx_word' id='word_1_53' title='bbox 432 856 586 918; x_wconf 80' lang='lat' dir='ltr'>Orientem</span> <span class='ocrx_word' id='word_1_54' title='bbox 617 858 688 917; x_wconf 90' lang='lat' dir='ltr'>visis</span> <span class='ocrx_word' id='word_1_55' title='bbox 719 858 879 937; x_wconf 86' lang='lat' dir='ltr'>provinciis</span> <span class='ocrx_word' id='word_1_56' title='bbox 911 866 942 916; x_wconf 89' lang='lat' dir='ltr'>et</span> <span class='ocrx_word' id='word_1_57' title='bbox 973 873 1025 916; x_wconf 91' lang='lat' dir='ltr'>ore</span> <span class='ocrx_word' id='word_1_58' title='bbox 1057 864 1148 934; x_wconf 86' lang='lat' dir='ltr'>atque</span> 
     </span>
     <span class='ocr_line' id='line_1_9' title="bbox 132 943 1184 1026; baseline -0.001 -22"><span class='ocrx_word' id='word_1_59' title='bbox 132 954 261 1023; x_wconf 77' lang='lat' dir='ltr'>unoque</span> <span class='ocrx_word' id='word_1_60' title='bbox 288 947 380 1005; x_wconf 88' lang='lat' dir='ltr'>maris</span> <span class='ocrx_word' id='word_1_61' title='bbox 404 943 521 1005; x_wconf 81' lang='lat' dir='ltr'>Pontici</span> <span class='ocrx_word' id='word_1_62' title='bbox 544 945 651 1026; x_wconf 90' lang='lat' dir='ltr'>latere,</span> <span class='ocrx_word' id='word_1_63' title='bbox 673 945 752 1011; x_wconf 85' lang='lat' dir='ltr'>hand</span> <span class='ocrx_word' id='word_1_64' title='bbox 773 944 936 1005; x_wconf 86' lang='lat' dir='ltr'>iniucunda</span> <span class='ocrx_word' id='word_1_65' title='bbox 963 953 1008 1005; x_wconf 93' lang='lat' dir='ltr'>tot</span> <span class='ocrx_word' id='word_1_66' title='bbox 1034 961 1148 1024; x_wconf 89' lang='lat' dir='ltr'>rerum,</span> <span class='ocrx_word' id='word_1_67' title='bbox 1181 970 1184 981; x_wconf 85' lang='grc'>·</span> 
     </span>
    </p>

    <p class='ocr_par' dir='ltr' id='par_1_4' title="bbox 101 1032 1190 1289">
     <span class='ocr_line' id='line_1_10' title="bbox 101 1032 1150 1114; baseline -0.002 -22"><span class='ocrx_word' id='word_1_68' title='bbox 101 1060 104 1065; x_wconf 92' lang='grc'><em>·</em></span> <span class='ocrx_word' id='word_1_69' title='bbox 133 1034 280 1114; x_wconf 90' lang='lat' dir='ltr'>locorum,</span> <span class='ocrx_word' id='word_1_70' title='bbox 308 1035 455 1114; x_wconf 86' lang='lat' dir='ltr'>gentium,</span> <span class='ocrx_word' id='word_1_71' title='bbox 485 1032 605 1094; x_wconf 91' lang='lat' dir='ltr'>urbium</span> <span class='ocrx_word' id='word_1_72' title='bbox 632 1033 837 1094; x_wconf 83' lang='lat' dir='ltr'>recordatione</span> <span class='ocrx_word' id='word_1_73' title='bbox 867 1033 1014 1113; x_wconf 90' lang='lat' dir='ltr'>perlruor.</span> <span class='ocrx_word' id='word_1_74' title='bbox 1064 1034 1150 1111; x_wconf 92' lang='lat' dir='ltr'>prior</span> 
     </span>
     <span class='ocr_line' id='line_1_11' title="bbox 133 1119 1190 1202; baseline -0.005 -22"><span class='ocrx_word' id='word_1_75' title='bbox 133 1121 261 1182; x_wconf 89' lang='lat' dir='ltr'>Parthus</span> <span class='ocrx_word' id='word_1_76' title='bbox 287 1122 366 1201; x_wconf 92' lang='lat' dir='ltr'>apud</span> <span class='ocrx_word' id='word_1_77' title='bbox 394 1121 499 1196; x_wconf 83' lang='lat' dir='ltr'>Gaium</span> <span class='ocrx_word' id='word_1_78' title='bbox 525 1123 557 1181; x_wconf 94' lang='lat' dir='ltr'>in</span> <span class='ocrx_word' id='word_1_79' title='bbox 585 1128 686 1182; x_wconf 91' lang='lat' dir='ltr'>nostra</span> <span class='ocrx_word' id='word_1_80' title='bbox 712 1124 790 1202; x_wconf 91' lang='lat' dir='ltr'>ripa,</span> <span class='ocrx_word' id='word_1_81' title='bbox 817 1123 966 1200; x_wconf 86' lang='lat' dir='ltr'>posterior</span> <span class='ocrx_word' id='word_1_82' title='bbox 992 1121 1041 1181; x_wconf 90' lang='lat' dir='ltr'>hic</span> <span class='ocrx_word' id='word_1_83' title='bbox 1069 1119 1149 1199; x_wconf 89' lang='lat' dir='ltr'>apud</span> <span class='ocrx_word' id='word_1_84' title='bbox 1163 1133 1190 1174; x_wconf 91' lang='lat' dir='ltr'>1o</span> 
     </span>
     <span class='ocr_line' id='line_1_12' title="bbox 133 1209 650 1289; baseline 0.002 -20"><span class='ocrx_word' id='word_1_85' title='bbox 133 1227 235 1288; x_wconf 80' lang='lat' dir='ltr'>regom</span> <span class='ocrx_word' id='word_1_86' title='bbox 257 1212 289 1270; x_wconf 92' lang='lat' dir='ltr'>in</span> <span class='ocrx_word' id='word_1_87' title='bbox 312 1210 413 1271; x_wconf 88' lang='lat' dir='ltr'>hostili</span> <span class='ocrx_word' id='word_1_88' title='bbox 436 1209 572 1289; x_wconf 89' lang='lat' dir='ltr'>epulatus</span> <span class='ocrx_word' id='word_1_89' title='bbox 596 1217 650 1270; x_wconf 89' lang='lat' dir='ltr'>est.</span> 
     </span>
    </p>

    <p class='ocr_par' dir='ltr' id='par_1_5' title="bbox 104 1295 1189 1908">
     <span class='ocr_line' id='line_1_13' title="bbox 104 1295 1151 1379; baseline 0.001 -24"><span class='ocrx_word' id='word_1_90' title='bbox 104 1309 117 1355; x_wconf 90' lang='lat'>1</span> <span class='ocrx_word' id='word_1_91' title='bbox 225 1295 297 1358; x_wconf 81' lang='lat'>102.</span> <span class='ocrx_word' id='word_1_92' title='bbox 344 1297 409 1367; x_wconf 82' lang='lat' dir='ltr'>Quo</span> <span class='ocrx_word' id='word_1_93' title='bbox 435 1305 569 1376; x_wconf 89' lang='lat' dir='ltr'>tempore</span> <span class='ocrx_word' id='word_1_94' title='bbox 592 1297 629 1358; x_wconf 89' lang='lat' dir='ltr'>M.</span> <span class='ocrx_word' id='word_1_95' title='bbox 652 1296 752 1379; x_wconf 88' lang='lat' dir='ltr'>Lollii,</span> <span class='ocrx_word' id='word_1_96' title='bbox 780 1316 870 1376; x_wconf 88' lang='lat' dir='ltr'>quem</span> <span class='ocrx_word' id='word_1_97' title='bbox 896 1297 987 1359; x_wconf 89' lang='lat' dir='ltr'>veluti</span> <span class='ocrx_word' id='word_1_98' title='bbox 1014 1297 1151 1357; x_wconf 90' lang='lat' dir='ltr'>modera-</span> 
     </span>
     <span class='ocr_line' id='line_1_14' title="bbox 135 1384 1151 1466; baseline 0.001 -21"><span class='ocrx_word' id='word_1_99' title='bbox 135 1396 232 1446; x_wconf 89' lang='lat' dir='ltr'>torem</span> <span class='ocrx_word' id='word_1_100' title='bbox 254 1387 390 1445; x_wconf 88' lang='lat' dir='ltr'>iuventae</span> <span class='ocrx_word' id='word_1_101' title='bbox 413 1384 466 1444; x_wconf 85' lang='lat' dir='ltr'>lilii</span> <span class='ocrx_word' id='word_1_102' title='bbox 488 1387 536 1445; x_wconf 91' lang='lat' dir='ltr'>sui</span> <span class='ocrx_word' id='word_1_103' title='bbox 554 1386 705 1464; x_wconf 82' lang='lat' dir='ltr'>Augustus</span> <span class='ocrx_word' id='word_1_104' title='bbox 729 1404 795 1446; x_wconf 92' lang='lat' dir='ltr'>esse</span> <span class='ocrx_word' id='word_1_105' title='bbox 813 1386 961 1466; x_wconf 87' lang='lat' dir='ltr'>voluerat,</span> <span class='ocrx_word' id='word_1_106' title='bbox 983 1386 1097 1464; x_wconf 85' lang='lat' dir='ltr'>perfida</span> <span class='ocrx_word' id='word_1_107' title='bbox 1119 1394 1151 1446; x_wconf 88' lang='lat' dir='ltr'>et</span> 
     </span>
     <span class='ocr_line' id='line_1_15' title="bbox 135 1471 1150 1556; baseline 0 -24"><span class='ocrx_word' id='word_1_108' title='bbox 135 1473 221 1552; x_wconf 92' lang='lat' dir='ltr'>plena</span> <span class='ocrx_word' id='word_1_109' title='bbox 245 1471 363 1533; x_wconf 87' lang='lat' dir='ltr'>subdoli</span> <span class='ocrx_word' id='word_1_110' title='bbox 386 1491 419 1532; x_wconf 90' lang='lat' dir='ltr'>ac</span> <span class='ocrx_word' id='word_1_111' title='bbox 446 1475 559 1533; x_wconf 85' lang='lat' dir='ltr'>versuti</span> <span class='ocrx_word' id='word_1_112' title='bbox 582 1475 672 1534; x_wconf 92' lang='lat' dir='ltr'>animi</span> <span class='ocrx_word' id='word_1_113' title='bbox 695 1474 830 1556; x_wconf 89' lang='lat' dir='ltr'>consilia,</span> <span class='ocrx_word' id='word_1_114' title='bbox 857 1492 912 1553; x_wconf 91' lang='lat' dir='ltr'>per</span> <span class='ocrx_word' id='word_1_115' title='bbox 934 1473 1078 1535; x_wconf 88' lang='lat' dir='ltr'>Parthum</span> <span class='ocrx_word' id='word_1_116' title='bbox 1106 1476 1150 1533; x_wconf 90' lang='lat' dir='ltr'>in·</span> 
     </span>
     <span class='ocr_line' id='line_1_16' title="bbox 136 1559 1189 1642; baseline -0.001 -22"><span class='ocrx_word' id='word_1_117' title='bbox 136 1562 232 1622; x_wconf 91' lang='lat' dir='ltr'>dicata</span> <span class='ocrx_word' id='word_1_118' title='bbox 260 1559 391 1642; x_wconf 82' lang='lat' dir='ltr'>Caesari,</span> <span class='ocrx_word' id='word_1_119' title='bbox 423 1561 500 1620; x_wconf 89' lang='lat' dir='ltr'>fama</span> <span class='ocrx_word' id='word_1_120' title='bbox 527 1560 669 1640; x_wconf 84' lang='lat' dir='ltr'>vulgavit:</span> <span class='ocrx_word' id='word_1_121' title='bbox 692 1564 787 1635; x_wconf 62' lang='lat' dir='ltr'>&gt;cuius</span> <span class='ocrx_word' id='word_1_122' title='bbox 818 1580 900 1622; x_wconf 93' lang='lat' dir='ltr'>mors</span> <span class='ocrx_word' id='word_1_123' title='bbox 928 1565 1007 1622; x_wconf 90' lang='lat' dir='ltr'>intra</span> <span class='ocrx_word' id='word_1_124' title='bbox 1037 1579 1151 1641; x_wconf 91' lang='lat' dir='ltr'>paucos</span> <span class='ocrx_word' id='word_1_125' title='bbox 1165 1577 1189 1619; x_wconf 84' lang='grc' dir='ltr'>ι)</span> 
     </span>
     <span class='ocr_line' id='line_1_17' title="bbox 136 1649 1151 1729; baseline 0 -20"><span class='ocrx_word' id='word_1_126' title='bbox 136 1651 200 1710; x_wconf 88' lang='lat' dir='ltr'>dies</span> <span class='ocrx_word' id='word_1_127' title='bbox 223 1657 330 1711; x_wconf 84' lang='lat' dir='ltr'>secata</span> <span class='ocrx_word' id='word_1_128' title='bbox 349 1650 472 1710; x_wconf 90' lang='lat' dir='ltr'>fortuita</span> <span class='ocrx_word' id='word_1_129' title='bbox 494 1667 531 1709; x_wconf 91' lang='lat' dir='ltr'>an</span> <span class='ocrx_word' id='word_1_130' title='bbox 550 1649 714 1711; x_wconf 80' lang='lat' dir='ltr'>voluntaria</span> <span class='ocrx_word' id='word_1_131' title='bbox 736 1651 828 1711; x_wconf 88' lang='lat' dir='ltr'>luerit</span> <span class='ocrx_word' id='word_1_132' title='bbox 845 1653 958 1729; x_wconf 88' lang='lat' dir='ltr'>ignoro.</span> <span class='ocrx_word' id='word_1_133' title='bbox 991 1649 1044 1711; x_wconf 88' lang='lat' dir='ltr'>scd</span> <span class='ocrx_word' id='word_1_134' title='bbox 1062 1667 1151 1729; x_wconf 88' lang='lat' dir='ltr'>quam</span> 
     </span>
     <span class='ocr_line' id='line_1_18' title="bbox 137 1736 1151 1819; baseline 0.001 -22"><span class='ocrx_word' id='word_1_135' title='bbox 137 1740 217 1798; x_wconf 90' lang='lat' dir='ltr'>huno</span> <span class='ocrx_word' id='word_1_136' title='bbox 246 1738 411 1799; x_wconf 86' lang='lat' dir='ltr'>decessisse</span> <span class='ocrx_word' id='word_1_137' title='bbox 438 1737 540 1798; x_wconf 89' lang='lat' dir='ltr'>laetati</span> <span class='ocrx_word' id='word_1_138' title='bbox 566 1736 715 1819; x_wconf 87' lang='lat' dir='ltr'>homines,</span> <span class='ocrx_word' id='word_1_139' title='bbox 744 1746 805 1799; x_wconf 91' lang='lat' dir='ltr'>tam</span> <span class='ocrx_word' id='word_1_140' title='bbox 831 1738 919 1818; x_wconf 91' lang='lat' dir='ltr'>paulo</span> <span class='ocrx_word' id='word_1_141' title='bbox 946 1748 1015 1819; x_wconf 93' lang='lat' dir='ltr'>post</span> <span class='ocrx_word' id='word_1_142' title='bbox 1041 1737 1151 1798; x_wconf 88' lang='lat' dir='ltr'>obiisse</span> 
     </span>
     <span class='ocr_line' id='line_1_19' title="bbox 138 1826 1151 1908; baseline 0 -22"><span class='ocrx_word' id='word_1_143' title='bbox 138 1826 336 1887; x_wconf 82' lang='lat' dir='ltr'>Censorinum</span> <span class='ocrx_word' id='word_1_144' title='bbox 358 1829 390 1886; x_wconf 94' lang='lat' dir='ltr'>in</span> <span class='ocrx_word' id='word_1_145' title='bbox 413 1826 519 1886; x_wconf 91' lang='lat' dir='ltr'>iisdem</span> <span class='ocrx_word' id='word_1_146' title='bbox 541 1828 703 1905; x_wconf 91' lang='lat' dir='ltr'>provinciis</span> <span class='ocrx_word' id='word_1_147' title='bbox 726 1829 854 1905; x_wconf 84' lang='lat' dir='ltr'>graviter</span> <span class='ocrx_word' id='word_1_148' title='bbox 876 1826 945 1888; x_wconf 92' lang='lat' dir='ltr'>tulit</span> <span class='ocrx_word' id='word_1_149' title='bbox 967 1828 1083 1908; x_wconf 89' lang='lat' dir='ltr'>civitas,</span> <span class='ocrx_word' id='word_1_150' title='bbox 1109 1828 1151 1885; x_wconf 85' lang='lat' dir='ltr'>vi·</span> 
     </span>
    </p>

    <p class='ocr_par' dir='ltr' id='par_1_6' title="bbox 107 1913 1190 2349">
     <span class='ocr_line' id='line_1_20' title="bbox 107 1913 1152 1994; baseline 0 -21"><span class='ocrx_word' id='word_1_151' title='bbox 107 1926 205 1974; x_wconf 75' lang='lat' dir='ltr'>arum</span> <span class='ocrx_word' id='word_1_152' title='bbox 233 1914 420 1975; x_wconf 74' lang='lat' dir='ltr'>demetendis</span> <span class='ocrx_word' id='word_1_153' title='bbox 452 1913 622 1975; x_wconf 88' lang='lat' dir='ltr'>hominibus</span> <span class='ocrx_word' id='word_1_154' title='bbox 652 1916 794 1994; x_wconf 82' lang='lat' dir='ltr'>genitum.</span> <span class='ocrx_word' id='word_1_155' title='bbox 843 1916 1012 1975; x_wconf 81' lang='lat' dir='ltr'>Armeniam</span> <span class='ocrx_word' id='word_1_156' title='bbox 1044 1914 1152 1975; x_wconf 91' lang='lat' dir='ltr'>deinde</span> 
     </span>
     <span class='ocr_line' id='line_1_21' title="bbox 140 2004 1190 2084; baseline 0 -23"><span class='ocrx_word' id='word_1_157' title='bbox 140 2005 235 2062; x_wconf 81' lang='lat' dir='ltr'>Gaias</span> <span class='ocrx_word' id='word_1_158' title='bbox 253 2004 406 2081; x_wconf 88' lang='lat' dir='ltr'>ingressus</span> <span class='ocrx_word' id='word_1_159' title='bbox 424 2004 520 2081; x_wconf 91' lang='lat' dir='ltr'>prima</span> <span class='ocrx_word' id='word_1_160' title='bbox 537 2010 622 2081; x_wconf 90' lang='lat' dir='ltr'>parte</span> <span class='ocrx_word' id='word_1_161' title='bbox 641 2005 782 2064; x_wconf 89' lang='lat' dir='ltr'>introitus</span> <span class='ocrx_word' id='word_1_162' title='bbox 800 2021 944 2084; x_wconf 88' lang='lat' dir='ltr'>prospere</span> <span class='ocrx_word' id='word_1_163' title='bbox 963 2020 1028 2064; x_wconf 85' lang='lat' dir='ltr'>rem</span> <span class='ocrx_word' id='word_1_164' title='bbox 1045 2005 1152 2082; x_wconf 79' lang='lat' dir='ltr'>gessit3</span> <span class='ocrx_word' id='word_1_165' title='bbox 1166 2020 1190 2062; x_wconf 82' lang='lat' dir='ltr'>aa</span> 
     </span>
     <span class='ocr_line' id='line_1_22' title="bbox 138 2089 1152 2172; baseline 0.002 -24"><span class='ocrx_word' id='word_1_166' title='bbox 138 2108 205 2149; x_wconf 86' lang='lat' dir='ltr'>mox</span> <span class='ocrx_word' id='word_1_167' title='bbox 232 2091 263 2150; x_wconf 91' lang='lat' dir='ltr'>in</span> <span class='ocrx_word' id='word_1_168' title='bbox 292 2089 463 2171; x_wconf 88' lang='lat' dir='ltr'>conloquio,</span> <span class='ocrx_word' id='word_1_169' title='bbox 491 2093 540 2151; x_wconf 92' lang='lat' dir='ltr'>cui</span> <span class='ocrx_word' id='word_1_170' title='bbox 564 2109 596 2151; x_wconf 94' lang='lat' dir='ltr'>se</span> <span class='ocrx_word' id='word_1_171' title='bbox 618 2100 732 2152; x_wconf 87' lang='lat' dir='ltr'>temere</span> <span class='ocrx_word' id='word_1_172' title='bbox 760 2091 939 2172; x_wconf 89' lang='lat' dir='ltr'>crediderat,</span> <span class='ocrx_word' id='word_1_173' title='bbox 967 2093 1046 2151; x_wconf 90' lang='lat' dir='ltr'>circa</span> <span class='ocrx_word' id='word_1_174' title='bbox 1068 2090 1152 2150; x_wconf 90' lang='lat' dir='ltr'>Arta-</span> 
     </span>
     <span class='ocr_line' id='line_1_23' title="bbox 138 2178 1153 2260; baseline -0.001 -21"><span class='ocrx_word' id='word_1_175' title='bbox 138 2196 238 2257; x_wconf 83' lang='lat' dir='ltr'>geram</span> <span class='ocrx_word' id='word_1_176' title='bbox 262 2180 391 2256; x_wconf 83' lang='lat' dir='ltr'>graviter</span> <span class='ocrx_word' id='word_1_177' title='bbox 415 2197 431 2238; x_wconf 90' lang='lat' dir='ltr'>a</span> <span class='ocrx_word' id='word_1_178' title='bbox 455 2179 595 2260; x_wconf 84' lang='lat' dir='ltr'>quodam,</span> <span class='ocrx_word' id='word_1_179' title='bbox 617 2183 736 2240; x_wconf 92' lang='lat' dir='ltr'>nomine</span> <span class='ocrx_word' id='word_1_180' title='bbox 760 2179 877 2260; x_wconf 90' lang='lat' dir='ltr'>Adduo,</span> <span class='ocrx_word' id='word_1_181' title='bbox 900 2178 1085 2259; x_wconf 90' lang='lat' dir='ltr'>vulneratus,</span> <span class='ocrx_word' id='word_1_182' title='bbox 1115 2196 1153 2238; x_wconf 85' lang='lat' dir='ltr'>ex</span> 
     </span>
     <span class='ocr_line' id='line_1_24' title="bbox 141 2266 1154 2349; baseline -0.001 -23"><span class='ocrx_word' id='word_1_183' title='bbox 141 2285 175 2326; x_wconf 91' lang='lat' dir='ltr'>eo</span> <span class='ocrx_word' id='word_1_184' title='bbox 199 2274 233 2326; x_wconf 96' lang='lat' dir='ltr'>ut</span> <span class='ocrx_word' id='word_1_185' title='bbox 256 2285 366 2345; x_wconf 92' lang='lat' dir='ltr'>corpus</span> <span class='ocrx_word' id='word_1_186' title='bbox 389 2268 486 2327; x_wconf 91' lang='lat' dir='ltr'>minus</span> <span class='ocrx_word' id='word_1_187' title='bbox 509 2266 621 2349; x_wconf 90' lang='lat' dir='ltr'>habile,</span> <span class='ocrx_word' id='word_1_188' title='bbox 642 2270 684 2328; x_wconf 87' lang='lat' dir='ltr'>ita</span> <span class='ocrx_word' id='word_1_189' title='bbox 706 2269 837 2328; x_wconf 91' lang='lat' dir='ltr'>animum</span> <span class='ocrx_word' id='word_1_190' title='bbox 860 2269 959 2327; x_wconf 92' lang='lat' dir='ltr'>minus</span> <span class='ocrx_word' id='word_1_191' title='bbox 981 2266 1085 2327; x_wconf 91' lang='lat' dir='ltr'>utilem</span> <span class='ocrx_word' id='word_1_192' title='bbox 1107 2267 1154 2326; x_wconf 90' lang='lat' dir='ltr'>rei</span> 
     </span>
    </p>

    <p class='ocr_par' dir='ltr' id='par_1_7' title="bbox 108 2353 1190 2523">
     <span class='ocr_line' id='line_1_25' title="bbox 108 2353 1153 2434; baseline 0 -21"><span class='ocrx_word' id='word_1_193' title='bbox 108 2354 273 2434; x_wconf 77' lang='lat' dir='ltr'>apatblicae</span> <span class='ocrx_word' id='word_1_194' title='bbox 297 2353 407 2415; x_wconf 89' lang='lat' dir='ltr'>habere</span> <span class='ocrx_word' id='word_1_195' title='bbox 431 2357 536 2434; x_wconf 89' lang='lat' dir='ltr'>coepit.</span> <span class='ocrx_word' id='word_1_196' title='bbox 582 2373 637 2417; x_wconf 89' lang='lat' dir='ltr'>nec</span> <span class='ocrx_word' id='word_1_197' title='bbox 665 2354 761 2416; x_wconf 84' lang='lat' dir='ltr'>defuit</span> <span class='ocrx_word' id='word_1_198' title='bbox 788 2356 971 2416; x_wconf 90' lang='lat' dir='ltr'>conversatio</span> <span class='ocrx_word' id='word_1_199' title='bbox 999 2353 1153 2414; x_wconf 91' lang='lat' dir='ltr'>hominnm</span> 
     </span>
     <span class='ocr_line' id='line_1_26' title="bbox 139 2437 1190 2523; baseline -0.001 -20"><span class='ocrx_word' id='word_1_200' title='bbox 139 2445 209 2503; x_wconf 86' lang='lat' dir='ltr'>vitia</span> <span class='ocrx_word' id='word_1_201' title='bbox 236 2445 301 2503; x_wconf 92' lang='lat' dir='ltr'>eius</span> <span class='ocrx_word' id='word_1_202' title='bbox 331 2443 534 2504; x_wconf 89' lang='lat' dir='ltr'>adsentatione</span> <span class='ocrx_word' id='word_1_203' title='bbox 562 2443 703 2504; x_wconf 88' lang='lat' dir='ltr'>alentium</span> <span class='ocrx_word' id='word_1_204' title='bbox 731 2437 857 2523; x_wconf 92' lang='lat' dir='ltr'>(etenim</span> <span class='ocrx_word' id='word_1_205' title='bbox 885 2461 1003 2522; x_wconf 91' lang='lat' dir='ltr'>semper</span> <span class='ocrx_word' id='word_1_206' title='bbox 1030 2459 1153 2522; x_wconf 82' lang='lat' dir='ltr'>magnae</span> <span class='ocrx_word' id='word_1_207' title='bbox 1167 2459 1190 2502; x_wconf 79' lang='lat' dir='ltr'>aa</span> 
     </span>
    </p>

    <p class='ocr_par' dir='ltr' id='par_1_8' title="bbox 91 2524 1154 2613">
     <span class='ocr_line' id='line_1_27' title="bbox 91 2524 1154 2613; baseline -0.001 -21"><span class='ocrx_word' id='word_1_208' title='bbox 91 2587 95 2595; x_wconf 92' lang='grc'><em>,</em></span> <span class='ocrx_word' id='word_1_209' title='bbox 139 2533 276 2591; x_wconf 82' lang='lat' dir='ltr'>fortunae</span> <span class='ocrx_word' id='word_1_210' title='bbox 300 2548 400 2590; x_wconf 91' lang='lat' dir='ltr'>comes</span> <span class='ocrx_word' id='word_1_211' title='bbox 416 2531 506 2613; x_wconf 88' lang='lat' dir='ltr'>adest</span> <span class='ocrx_word' id='word_1_212' title='bbox 529 2524 687 2613; x_wconf 89' lang='lat' dir='ltr'>adulatio),</span> <span class='ocrx_word' id='word_1_213' title='bbox 713 2548 768 2610; x_wconf 91' lang='lat' dir='ltr'>per</span> <span class='ocrx_word' id='word_1_214' title='bbox 790 2549 867 2609; x_wconf 77' lang='lat' dir='ltr'>quiae</span> <span class='ocrx_word' id='word_1_215' title='bbox 890 2549 926 2591; x_wconf 93' lang='lat' dir='ltr'>eo</span> <span class='ocrx_word' id='word_1_216' title='bbox 949 2529 1057 2591; x_wconf 88' lang='lat' dir='ltr'>ductus</span> <span class='ocrx_word' id='word_1_217' title='bbox 1081 2539 1154 2612; x_wconf 87' lang='lat' dir='ltr'>erat,</span> 
     </span>
    </p>

    <p class='ocr_par' dir='ltr' id='par_1_9' title="bbox 69 2584 1155 2785">
     <span class='ocr_line' id='line_1_28' title="bbox 69 2584 1154 2699; baseline 0.001 -21"><span class='ocrx_word' id='word_1_218' title='bbox 69 2584 99 2654; x_wconf 54' lang='lat' dir='ltr'>‘l</span> <span class='ocrx_word' id='word_1_219' title='bbox 140 2627 174 2678; x_wconf 92' lang='lat' dir='ltr'>ut</span> <span class='ocrx_word' id='word_1_220' title='bbox 196 2621 226 2677; x_wconf 95' lang='lat' dir='ltr'>in</span> <span class='ocrx_word' id='word_1_221' title='bbox 250 2617 354 2678; x_wconf 91' lang='lat' dir='ltr'>ultimo</span> <span class='ocrx_word' id='word_1_222' title='bbox 383 2636 416 2678; x_wconf 90' lang='lat' dir='ltr'>ao</span> <span class='ocrx_word' id='word_1_223' title='bbox 444 2621 643 2680; x_wconf 90' lang='lat' dir='ltr'>remotissimo</span> <span class='ocrx_word' id='word_1_224' title='bbox 671 2627 820 2680; x_wconf 88' lang='lat' dir='ltr'>terrarum</span> <span class='ocrx_word' id='word_1_225' title='bbox 843 2617 924 2680; x_wconf 88' lang='lat' dir='ltr'>orbis</span> <span class='ocrx_word' id='word_1_226' title='bbox 947 2619 1054 2699; x_wconf 85' lang='lat' dir='ltr'>angulo</span> <span class='ocrx_word' id='word_1_227' title='bbox 1084 2637 1154 2680; x_wconf 92' lang='lat' dir='ltr'>oon·</span> 
     </span>
     <span class='ocr_line' id='line_1_29' title="bbox 141 2705 1155 2785; baseline 0.003 -20"><span class='ocrx_word' id='word_1_228' title='bbox 141 2723 298 2766; x_wconf 90' lang='lat' dir='ltr'>senescere</span> <span class='ocrx_word' id='word_1_229' title='bbox 322 2724 411 2785; x_wconf 80' lang='lat' dir='ltr'>quam</span> <span class='ocrx_word' id='word_1_230' title='bbox 433 2705 556 2767; x_wconf 87' lang='lat' dir='ltr'>Romam</span> <span class='ocrx_word' id='word_1_231' title='bbox 579 2707 697 2785; x_wconf 85' lang='lat' dir='ltr'>regredi</span> <span class='ocrx_word' id='word_1_232' title='bbox 720 2706 827 2767; x_wconf 90' lang='lat' dir='ltr'>mallet.</span> <span class='ocrx_word' id='word_1_233' title='bbox 859 2706 966 2767; x_wconf 91' lang='lat' dir='ltr'>deinde</span> <span class='ocrx_word' id='word_1_234' title='bbox 991 2707 1155 2768; x_wconf 89' lang='lat' dir='ltr'>reluctatus</span> 
     </span>
    </p>
   </div>
   <div class='ocr_carea' id='block_1_3' title="bbox 213 2928 1156 3056">
    <p class='ocr_par' dir='ltr' id='par_1_10' title="bbox 213 2928 1156 3056">
     <span class='ocr_line' id='line_1_30' title="bbox 213 2928 1156 3056; baseline 0.001 -73"><span class='ocrx_word' id='word_1_235' title='bbox 213 2929 284 2983; x_wconf 84' lang='lat' dir='ltr'>5M.</span> <span class='ocrx_word' id='word_1_236' title='bbox 296 2928 442 3056; x_wconf 50' lang='grc' dir='ltr'>Ἦηίοΰ]</span> <span class='ocrx_word' id='word_1_237' title='bbox 434 2928 538 2998; x_wconf 70' lang='lat' dir='ltr'>‘Erip</span> <span class='ocrx_word' id='word_1_238' title='bbox 561 2935 658 2985; x_wconf 71' lang='lat' dir='ltr'>uacat.</span> <span class='ocrx_word' id='word_1_239' title='bbox 682 2930 723 2985; x_wconf 76' lang='lat' dir='ltr'>alc</span> <span class='ocrx_word' id='word_1_240' title='bbox 739 2929 830 2998; x_wconf 78' lang='lat' dir='ltr'>habet,</span> <span class='ocrx_word' id='word_1_241' title='bbox 854 2934 886 2984; x_wconf 81' lang='lat' dir='ltr'>at</span> <span class='ocrx_word' id='word_1_242' title='bbox 900 2930 998 2999; x_wconf 79' lang='lat' dir='ltr'>potius</span> <span class='ocrx_word' id='word_1_243' title='bbox 1016 2929 1156 3000; x_wconf 74' lang='lat' dir='ltr'>lepaadmn</span> 
     </span>
    </p>
   </div>
   <div class='ocr_carea' id='block_1_4' title="bbox 141 2971 1178 3493">
    <p class='ocr_par' dir='ltr' id='par_1_11' title="bbox 141 2971 1160 3424">
     <span class='ocr_line' id='line_1_31' title="bbox 143 2971 1156 3070; baseline -0.002 -14"><span class='ocrx_word' id='word_1_244' title='bbox 143 3002 304 3070; x_wconf 75' lang='lat' dir='ltr'>existiman,</span> <span class='ocrx_word' id='word_1_245' title='bbox 322 2999 352 3054; x_wconf 88' lang='lat' dir='ltr'>M</span> <span class='ocrx_word' id='word_1_246' title='bbox 404 2999 500 3054; x_wconf 87' lang='lat' dir='ltr'>micio’</span> <span class='ocrx_word' id='word_1_247' title='bbox 519 3000 613 3056; x_wconf 68' lang='lat' dir='ltr'>Barea</span> <span class='ocrx_word' id='word_1_248' title='bbox 676 3005 710 3054; x_wconf 91' lang='lat'>10</span> <span class='ocrx_word' id='word_1_249' title='bbox 728 2971 830 3054; x_wconf 81' lang='lat' dir='ltr'>Gaium</span> <span class='ocrx_word' id='word_1_250' title='bbox 846 3000 875 3053; x_wconf 91' lang='lat' dir='ltr'><strong><em>P</em></strong></span> <span class='ocrx_word' id='word_1_251' title='bbox 946 3007 979 3054; x_wconf 84' lang='lat'>13</span> <span class='ocrx_word' id='word_1_252' title='bbox 1033 3000 1156 3065; x_wconf 78' lang='lat' dir='ltr'>rfidiaA</span> 
     </span>
     <span class='ocr_line' id='line_1_32' title="bbox 196 3016 1160 3197; baseline 0 -72"><span class='ocrx_word' id='word_1_253' title='bbox 196 3077 229 3125; x_wconf 78' lang='grc'>15</span> <span class='ocrx_word' id='word_1_254' title='bbox 244 3043 357 3126; x_wconf 79' lang='lat' dir='ltr'>Caesari</span> <span class='ocrx_word' id='word_1_255' title='bbox 369 3070 446 3125; x_wconf 84' lang='lat' dir='ltr'>fama</span> <span class='ocrx_word' id='word_1_256' title='bbox 459 3070 722 3153; x_wconf 80' lang='lat' dir='ltr'>volgavitLa&#39;paiuo.</span> <span class='ocrx_word' id='word_1_257' title='bbox 737 3069 884 3126; x_wconf 82' lang='lat' dir='ltr'>Caesaris</span> <span class='ocrx_word' id='word_1_258' title='bbox 875 3016 1178 3197; x_wconf 63' lang='lat' dir='ltr'>1amauul{amasl²</span> 
     </span>
     <span class='ocr_line' id='line_1_33' title="bbox 196 3130 1178 3223; baseline 0 -27"><span class='ocrx_word' id='word_1_259' title='bbox 196 3144 340 3198; x_wconf 71' lang='lat' dir='ltr'>resecuta</span> <span class='ocrx_word' id='word_1_260' title='bbox 353 3142 512 3197; x_wconf 72' lang='lat' dir='ltr'>addidimus</span> <span class='ocrx_word' id='word_1_261' title='bbox 527 3141 556 3210; x_wconf 99' lang='grc' dir='ltr'>Ι</span> <span class='ocrx_word' id='word_1_262' title='bbox 547 3157 646 3223; x_wconf 81' lang='lat' dir='ltr'>rgnoro</span> <span class='ocrx_word' id='word_1_263' title='bbox 666 3140 705 3196; x_wconf 89' lang='grc' dir='ltr'>Ρ.</span> <span class='ocrx_word' id='word_1_264' title='bbox 724 3141 835 3212; x_wconf 81' lang='lat' dir='ltr'>dignior</span> <span class='ocrx_word' id='word_1_265' title='bbox 851 3143 880 3195; x_wconf 83' lang='lat' dir='ltr'>A</span> <span class='ocrx_word' id='word_1_266' title='bbox 946 3148 978 3196; x_wconf 79' lang='grc'>17</span> <span class='ocrx_word' id='word_1_267' title='bbox 1035 3157 1101 3196; x_wconf 83' lang='lat' dir='ltr'>usse</span> <span class='ocrx_word' id='word_1_268' title='bbox 1114 3130 1178 3196; x_wconf 81' lang='lat' dir='ltr'>A:&#39;&#39;</span> 
     </span>
     <span class='ocr_line' id='line_1_34' title="bbox 142 3206 1172 3282; baseline -0.001 -14"><span class='ocrx_word' id='word_1_269' title='bbox 142 3212 234 3268; x_wconf 86' lang='lat' dir='ltr'>odisse</span> <span class='ocrx_word' id='word_1_270' title='bbox 250 3212 397 3282; x_wconf 74' lang='lat' dir='ltr'>Plione.</span> <span class='ocrx_word' id='word_1_271' title='bbox 409 3212 510 3280; x_wconf 87' lang='lat' dir='ltr'>obisse)</span> <span class='ocrx_word' id='word_1_272' title='bbox 547 3210 678 3267; x_wconf 80' lang='lat' dir='ltr'>20Goios</span> <span class='ocrx_word' id='word_1_273' title='bbox 691 3213 756 3267; x_wconf 77' lang='lat' dir='ltr'>add.</span> <span class='ocrx_word' id='word_1_274' title='bbox 769 3213 881 3268; x_wconf 73' lang='lat' dir='ltr'>Kranae</span> <span class='ocrx_word' id='word_1_275' title='bbox 897 3213 901 3280; x_wconf 94' lang='grc' dir='ltr'>Ι</span> <span class='ocrx_word' id='word_1_276' title='bbox 916 3228 976 3267; x_wconf 90' lang='lat' dir='ltr'>rem</span> <span class='ocrx_word' id='word_1_277' title='bbox 990 3213 1054 3269; x_wconf 80' lang='lat' dir='ltr'>odd.</span> <span class='ocrx_word' id='word_1_278' title='bbox 1066 3206 1172 3267; x_wconf 75' lang='lat' dir='ltr'>Heiu-</span> 
     </span>
     <span class='ocr_line' id='line_1_35' title="bbox 141 3282 1157 3372; baseline 0 -34"><span class='ocrx_word' id='word_1_279' title='bbox 141 3286 200 3338; x_wconf 82' lang='lat' dir='ltr'>aiae</span> <span class='ocrx_word' id='word_1_280' title='bbox 266 3289 354 3337; x_wconf 79' lang='lat'><strong>2100</strong></span> <span class='ocrx_word' id='word_1_281' title='bbox 386 3282 501 3350; x_wconf 85' lang='lat' dir='ltr'>oquium</span> <span class='ocrx_word' id='word_1_282' title='bbox 524 3282 599 3352; x_wconf 92' lang='lat' dir='ltr'>(coll</span> <span class='ocrx_word' id='word_1_283' title='bbox 618 3283 657 3372; x_wconf 90' lang='lat' dir='ltr'>A)</span> <span class='ocrx_word' id='word_1_284' title='bbox 674 3283 758 3354; x_wconf 78' lang='grc' dir='ltr'>ΑΡΙ</span> <span class='ocrx_word' id='word_1_285' title='bbox 784 3284 924 3354; x_wconf 74' lang='lat' dir='ltr'>Artagera</span> <span class='ocrx_word' id='word_1_286' title='bbox 942 3283 1074 3338; x_wconf 71' lang='lat' dir='ltr'>Monetae</span> <span class='ocrx_word' id='word_1_287' title='bbox 1095 3298 1157 3338; x_wconf 76' lang='lat' dir='ltr'>com</span> 
     </span>
     <span class='ocr_line' id='line_1_36' title="bbox 143 3349 1157 3424; baseline 0 -17"><span class='ocrx_word' id='word_1_288' title='bbox 143 3355 258 3409; x_wconf 79' lang='lat' dir='ltr'>Zonara</span> <span class='ocrx_word' id='word_1_289' title='bbox 265 3370 297 3423; x_wconf 93' lang='grc' dir='ltr'>Ι).</span> <span class='ocrx_word' id='word_1_290' title='bbox 308 3358 360 3408; x_wconf 78' lang='lat'>539</span> <span class='ocrx_word' id='word_1_291' title='bbox 369 3353 400 3406; x_wconf 91' lang='lat' dir='ltr'><em>D</em></span> <span class='ocrx_word' id='word_1_292' title='bbox 458 3359 492 3407; x_wconf 78' lang='lat'>22</span> <span class='ocrx_word' id='word_1_293' title='bbox 505 3352 619 3424; x_wconf 88' lang='lat' dir='ltr'>Adduo]</span> <span class='ocrx_word' id='word_1_294' title='bbox 628 3349 732 3408; x_wconf 63' lang='lat' dir='ltr'>uttan</span> <span class='ocrx_word' id='word_1_295' title='bbox 747 3354 875 3409; x_wconf 78' lang='lat' dir='ltr'>Zonaras</span> <span class='ocrx_word' id='word_1_296' title='bbox 919 3358 953 3409; x_wconf 80' lang='lat'>26</span> <span class='ocrx_word' id='word_1_297' title='bbox 968 3369 1062 3408; x_wconf 83' lang='lat' dir='ltr'>comes</span> <span class='ocrx_word' id='word_1_298' title='bbox 1076 3354 1157 3408; x_wconf 80' lang='lat' dir='ltr'>estA</span> 
     </span>
    </p>

    <p class='ocr_par' dir='ltr' id='par_1_12' title="bbox 197 3423 1156 3493">
     <span class='ocr_line' id='line_1_37' title="bbox 197 3423 1156 3493; baseline 0 -15"><span class='ocrx_word' id='word_1_299' title='bbox 197 3429 230 3478; x_wconf 81' lang='grc'>28</span> <span class='ocrx_word' id='word_1_300' title='bbox 249 3423 349 3479; x_wconf 87' lang='lat' dir='ltr'>deinde</span> <span class='ocrx_word' id='word_1_301' title='bbox 367 3423 417 3477; x_wconf 88' lang='lat' dir='ltr'>rel.</span> <span class='ocrx_word' id='word_1_302' title='bbox 430 3423 477 3477; x_wconf 54' lang='lat' dir='ltr'>AP-</span> <span class='ocrx_word' id='word_1_303' title='bbox 496 3423 544 3477; x_wconf 88' lang='lat' dir='ltr'>diu</span> <span class='ocrx_word' id='word_1_304' title='bbox 563 3423 598 3478; x_wconf 89' lang='lat' dir='ltr'>de</span> <span class='ocrx_word' id='word_1_305' title='bbox 616 3424 787 3479; x_wconf 83' lang='lat' dir='ltr'>reluctatus</span> <span class='ocrx_word' id='word_1_306' title='bbox 805 3425 846 3493; x_wconf 81' lang='lat' dir='ltr'>A,</span> <span class='ocrx_word' id='word_1_307' title='bbox 869 3424 1030 3478; x_wconf 76' lang='lat' dir='ltr'>diureluot</span> <span class='ocrx_word' id='word_1_308' title='bbox 1051 3424 1103 3493; x_wconf 80' lang='lat' dir='ltr'>(acl</span> <span class='ocrx_word' id='word_1_309' title='bbox 1120 3423 1156 3478; x_wconf 81' lang='lat' dir='ltr'>de</span> 
     </span>
    </p>
   </div>
   <div class='ocr_carea' id='block_1_5' title="bbox 0 0 1216 3848">
    <p class='ocr_par' dir='ltr' id='par_1_13' title="bbox 0 0 1216 3848">
     <span class='ocr_line' id='line_1_38' title="bbox 0 0 1216 3848; baseline 0 0"><span class='ocrx_word' id='word_1_310' title='bbox 0 0 1216 3848; x_wconf 95' lang='lat' dir='ltr'> </span> 
     </span>
    </p>
   </div>
  </div>
 </body>
</html>
