2422 3848
520 178 543 216 c.
564 168 686 217 ute-95.
1078 161 1120 224 99

194 325 247 391 94.
292 327 356 389 lloc
383 338 481 390 tractu
509 336 678 407 temporum
706 328 749 389 Ti.
774 328 913 389 Claudius
941 327 1033 408 Nero,
1062 341 1151 407 quot

101 420 208 498 trimo,
235 426 271 479 nt
298 416 513 497 praediximuS,
543 416 638 496 Livia,
667 415 757 476 Drusi
787 415 939 477 Claudiani
968 416 1041 498 filia,
1071 417 1121 477 de·

103 505 271 587 spondente
303 505 347 565 Ti.
380 505 513 585 Nerone,
551 506 599 565 cui
632 513 700 565 ante
732 513 824 584 nupta
856 505 966 585 linerat,
1003 503 1122 565 Caesari

102 603 260 676 nupserat,
292 595 456 655 innutritus
484 593 657 654 caelestium
687 601 917 673 praeceptorum
949 592 1152 675 disciplinis,2

77 685 221 745 siuvenis
239 701 364 764 genere,
386 683 494 763 forma,
513 680 690 742 celsitudine
710 684 858 762 corporiS,
877 683 997 760 optimis
1016 682 1122 742 studiis

99 773 293 851 maximoque
315 772 435 850 ingenio
459 771 722 850 instructissimus,
750 773 802 849 qui
829 772 967 850 protinus
993 777 1122 849 quantus

103 869 165 943 est,
187 862 303 940 sperari
325 865 463 938 potuerat
485 859 610 937 visuque
629 857 811 937 praetulerat
829 861 1009 940 principem,
1033 870 1152 939 qnae-e

104 956 168 1011 ster
195 949 450 1009 undevicesimum
482 964 592 1016 anniam
625 964 714 1024 agens
747 964 903 1026 capessere
931 950 1030 1027 coepit
1057 966 1122 1009 rem

102 1034 255 1117 publicam
280 1038 496 1113 maximamque
525 1034 730 1095 difficultatem
757 1052 891 1095 annonae
921 1054 955 1096 ac
987 1039 1032 1096 rei
1060 1037 1120 1098 lru-

67 1127 269 1185 nomentanae
286 1126 417 1204 inopiam
434 1125 476 1184 ita
495 1122 595 1183 Ostiae
614 1130 702 1201 atque
720 1125 752 1183 in
772 1122 846 1183 urbe
865 1123 1005 1183 mandatu
1024 1126 1122 1184 vitrici

105 1212 277 1274 moderatus
300 1220 360 1293 est,
383 1220 416 1273 ut
438 1229 493 1291 per
516 1212 560 1292 id,
583 1211 663 1290 quod
686 1211 803 1293 agebat,
826 1219 954 1291 quantus
979 1230 1121 1272 evasurus

104 1310 198 1382 osset,
221 1301 362 1363 eluceret.
408 1318 464 1361 nec
486 1299 580 1361 multo
603 1308 672 1379 post
694 1302 804 1361 missus
828 1300 863 1361 ab
888 1299 993 1360 eodem
1015 1302 1152 1361 vitricot

104 1407 174 1450 eum
192 1391 327 1451 exercitu
344 1388 381 1449 ad
399 1387 536 1449 visendas
554 1388 807 1470 ordinandasque,
827 1407 903 1468 quae
923 1388 979 1449 sub
999 1388 1121 1451 Oriente

104 1486 189 1558 sunt,
206 1478 387 1559 provincias,
406 1479 576 1556 praecipuis
594 1479 727 1537 omnium
745 1480 890 1539 virtulum
909 1480 1121 1556 experimentis

67 1568 136 1627 isin
160 1583 196 1626 eo
218 1573 317 1627 tractu
344 1566 446 1646 editis,
476 1582 546 1626 cum
572 1564 739 1643 legionibus
766 1567 920 1643 ingressus
943 1567 1121 1646 Armeniam,

104 1654 225 1715 redacta
256 1672 291 1715 ea
321 1656 354 1715 iu
384 1661 563 1732 potestatem
598 1652 702 1732 populi
733 1652 858 1713 Romani
894 1671 1020 1730 regnum
1057 1655 1121 1713 eius

99 1742 259 1803 -Artavasdi
281 1741 372 1803 dedit.
411 1744 484 1821 quin
507 1759 560 1801 rex
584 1758 703 1820 qnoque
726 1739 906 1801 Parthorum
929 1742 1004 1801 tanti
1027 1743 1120 1801 nomi·

103 1833 152 1891 nis
174 1832 252 1891 lama
274 1832 399 1893 territus
421 1829 533 1891 liberos
555 1847 627 1889 suos
650 1828 686 1888 ad
710 1828 866 1896 Caesarem
889 1830 971 1889 misit
993 1827 1120 1889 obsides.

194 1914 246 1980 95.
291 1917 456 1979 Reversum
483 1916 554 1977 inde
581 1916 732 1979 Neronem
759 1916 867 1979 Caesar
899 1917 977 1979 haud
1009 1912 1150 1977 medio-1

66 2008 165 2067 ocris
186 2005 258 2067 belli
278 2006 356 2067 mole
376 2008 506 2085 experiri
523 2008 641 2087 statuit,
664 2005 799 2066 adiutore
821 2008 922 2085 operis
941 2005 1008 2068 dato
1028 2007 1119 2091 fratre

100 2096 198 2173 ipsius
220 2093 319 2156 Druso
343 2093 478 2175 Claudio,
506 2111 597 2172 quem
623 2096 702 2155 intra
725 2093 859 2154 Caesaris
887 2102 1010 2174 penates
1033 2097 1120 2155 enixa

95 2180 274 2244 erathium.
312 2185 422 2262 quippe
440 2190 569 2260 uterque
593 2200 609 2241 e
629 2181 754 2242 diversis
773 2181 908 2261 partibus
927 2182 1036 2244 Raetos
1051 2182 1150 2243 Vin-‘t

101 2268 275 2349 delirosque
303 2270 449 2351 adgressi,
476 2270 580 2331 multis
608 2269 728 2330 urbium
756 2279 786 2330 et
814 2270 1004 2331 castellorum
1027 2288 1119 2350 oppu-

101 2358 293 2438 gnationibus
320 2377 376 2421 nec
403 2377 463 2420 non
492 2359 612 2419 derecta
640 2375 758 2436 quicque
782 2359 845 2418 acie
873 2357 1000 2418 feliciter
1025 2359 1121 2418 lancti

175 2588 190 2635 1
211 2581 254 2637 Ti.
286 2581 396 2664 'uer
467 2588 483 2635 2
501 2581 586 2635 trimo
605 2580 709 2635 Aldus:
727 2578 819 2649 primo
837 2579 915 2650 ΑΡΙ
934 2581 1120 2650 respondente

95 2652 163 2707 ΔΡ
178 2654 230 2722 (oo.
373 2671 448 2708 ..n.
466 2654 560 2706 fueret
575 2652 675 2720 apsos‘a
694 2648 812 2705 Clodius
833 2656 859 2704 et
876 2650 988 2706 Ruhnk.
1011 2653 1119 2707 iudico·
1183 2708 1185 2713 ,

101 2728 214 2791 mot,
231 2724 369 2805 ptpetito
386 2728 612 2804 earo,aetto,
626 2724 654 2791 2)
709 2727 725 2775 3
745 2720 829 2804 TiA
847 2737 869 2777 a.
889 2724 906 2777 l.
926 2723 954 2804 ei
968 2724 1012 2792 M,
1026 2740 1077 2779 om.
1093 2724 1123 2777 P

99 2792 609 2936 narrar,²⁰
626 2791 1120 2946 attrectaret-,tta

100 2951 157 3004 qne
174 2934 235 2989 ΑΡ
259 2952 306 2992 em.
325 2934 476 2991 Mundum
500 2942 505 3002 Ι
529 2933 664 2989 mandatu
684 2932 780 2989 Orella:
799 2934 964 2989 mandatum
982 2935 1023 2998 A,
1041 2950 1119 2989 men-

101 3005 170 3060 dcio
190 2976 363 3073 Pluictrici
380 3012 406 3061 et
418 3005 508 3075 paulo
522 3010 587 3074 port
603 3003 720 3058 metrico
737 3003 798 3058 ΑΡ
852 3011 884 3058 13
904 3021 958 3072 que
976 3020 1026 3058 om.
1044 3006 1073 3058 A

92 3084 138 3130 .14
157 3077 285 3133 omnibus
303 3079 331 3132 A
399 3082 433 3131 15
451 3078 544 3131 nacto
563 3075 703 3131 Gelenius:
721 3076 846 3128 tractatu
864 3075 923 3127 ΑΡ
985 3080 1017 3128 17
1037 3076 1118 3129 Aria-

100 3147 184 3205 uendi
203 3149 242 3202 P:
261 3148 396 3204 mnndi
415 3148 479 3202 MA
496 3153 499 3213 Ι
516 3147 585 3215 quin
602 3144 751 3200 Ruhnken:
771 3144 849 3199 ouius
865 3145 930 3212 ΑΡ,
948 3146 1009 3198 tum
1023 3144 1119 3200 Haase

175 3220 467 3275 temulentorum:
490 3218 596 3273 molem
616 3217 651 3285 P,
668 3231 775 3270 morem
794 3215 822 3269 A
912 3220 945 3269 22
967 3230 982 3269 e
1001 3214 1118 3270 diversis

103 3288 234 3359 Stenpers
254 3288 434 3358 diuisis.AP,
452 3289 487 3355 cs.
509 3294 573 3357 too,
593 3293 608 3343 5
625 3291 629 3360 l
645 3287 750 3341 Raetos
769 3286 809 3340 A:
828 3285 935 3340 Rhetos
955 3284 985 3339 P
1036 3292 1069 3340 23
1089 3289 1119 3340 et

102 3376 153 3485 3.
172 3361 213 3428 A,
233 3360 467 3428 castellorumque
488 3358 574 3413 Orelli
658 3364 693 3412 ut
711 3357 825 3412 derecta
843 3356 883 3410 A:
903 3356 1010 3411 directe
1029 3358 1063 3425 P,
1083 3359 1117 3424 cf.

159 3436 237 3498 ena
618 3450 622 3457 ·

813 3518 914 3588 feu.
999 3530 1003 3566 2
