2422 3848
142 204 206 266 114
636 202 663 257 ΙΙ

110 369 253 430 ointnlit:
276 371 374 448 iugata
398 371 549 448 regiorum
568 371 715 447 equestris
735 371 826 449 acies,
850 369 966 446 iugatae
986 367 1061 450 alae,
1086 387 1157 429 con·

141 476 243 518 versae
268 457 405 518 cohortes
429 464 512 537 sunt,
542 458 725 536 apudsigna
749 474 867 535 quoque
891 456 1040 534 legionum
1063 459 1157 536 trepi-

141 546 250 607 datum.
290 546 342 607 sed
365 545 489 605 Romani
512 547 606 605 virtus
630 544 731 605 militis
754 544 821 623 plus
844 562 880 604 eo
904 553 1037 623 tempore
1060 544 1156 605 vindi·

141 637 217 695 cavit
240 635 349 714 gloriae
374 651 462 711 quam
485 631 611 693 ducibus
634 632 768 713 reliquit,
796 634 848 711 qui
874 632 1000 693 multum
1029 651 1045 692 a
1073 648 1158 694 more

140 725 328 802 imperatoris
356 724 403 781 sni
430 722 633 800 discrepantes
666 728 733 780 ante
766 723 797 780 in
829 720 946 780 hostem
977 721 1183 803 inciderunt,o

110 823 126 871 6
142 829 229 889 quam
248 829 302 890 per
322 810 532 890 exploratores,
551 808 603 869 ubi
622 808 716 869 hostis
735 817 823 888 esset,
843 816 1067 887 cognoscerent.
1100 811 1158 871 iam

140 901 232 978 igitur
263 901 294 958 in
326 897 424 958 dubiis
457 897 548 957 rebus
581 905 675 958 semet
706 899 787 975 ipsae
815 896 945 974 legiones
978 896 1158 979 adhortatae,

68 1032 76 1048 .
140 987 280 1065 iugulatis
304 987 339 1047 ab
363 986 448 1046 hoste
468 986 644 1063 quibusdam
663 984 792 1045 tribunis
814 985 954 1066 militum,
977 982 1158 1066 interempto

140 1076 292 1154 praelecto
312 1083 478 1135 castrorum
497 1076 715 1153 praefectisque
736 1073 917 1154 cohortium,
940 1085 1000 1133 non
1019 1076 1157 1135 incruen-

140 1166 179 1224 tis
203 1162 441 1242 centurionibus,
473 1181 489 1222 e
514 1161 622 1240 quibus
645 1164 734 1223 etiam
756 1163 845 1241 primi
869 1162 989 1222 ordines
1013 1162 1158 1243 cecidere,
1171 1176 1193 1217 u

140 1255 278 1312 inuasere
306 1251 408 1311 hostes
436 1268 491 1309 nec
520 1252 699 1310 sustinuisse
727 1252 859 1310 contenti
886 1258 1029 1329 perrupta
1054 1269 1158 1311 eorum

111 1342 203 1399 uarie
228 1358 263 1398 ex
287 1341 439 1416 insperato
462 1340 614 1398 victoriam
638 1338 870 1399 vindicaverunt.
916 1338 973 1399 hoc
996 1339 1059 1399 sere
1085 1348 1157 1400 tem·

139 1444 212 1506 pore
236 1426 378 1506 Agrippa,
407 1428 458 1503 qui
482 1425 586 1485 eodem
609 1425 656 1486 die
686 1445 744 1504 quo
768 1425 906 1487 Tiberius
935 1426 1091 1506 adoptatus
1122 1427 1157 1488 ab

140 1533 192 1574 avo
217 1533 272 1575 suo
295 1512 421 1574 naturali
445 1521 508 1574 erat
532 1521 561 1574 et
584 1516 642 1575 iam
666 1523 733 1575 ante
756 1513 924 1596 biennium,
949 1515 1044 1594 qualis
1069 1523 1158 1593 esset,

140 1621 283 1682 apparere
307 1610 461 1682 coeperat,
489 1604 563 1662 mira
591 1605 734 1681 pravitate
763 1605 852 1663 animi
875 1612 963 1684 atque
991 1606 1103 1683 ingenii
1125 1607 1157 1664 in
1171 1608 1196 1659 is

85 1690 107 1759 γ’
139 1693 313 1771 praecipitia
336 1708 498 1751 conversus
521 1693 615 1770 patris
639 1699 727 1769 atque
743 1691 876 1777 eiusdem
896 1695 940 1752 avi
959 1694 1008 1753 sui
1026 1695 1157 1753 animum

140 1780 277 1840 alienavit
300 1779 370 1860 sibi,
398 1796 525 1858 moxque
549 1779 754 1849 crescentibus
783 1782 813 1838 in
842 1781 905 1840 dies
928 1782 1006 1840 vitiis
1035 1780 1158 1860 dignum

139 1869 242 1928 lurore
266 1886 320 1928 suo
343 1866 447 1927 habuit
470 1869 589 1928 exitum.
613 1916 617 1924 .
960 1926 965 1935 ,

110 1967 123 2014 1
231 1952 302 2016 113.
348 1955 456 2033 Accipe
480 1973 575 2036 nunc,
602 1954 639 2015 M.
663 1955 772 2039 Vinici,
800 1964 915 2017 tantum
942 1959 973 2016 in
1002 1956 1079 2018 bello
1103 1958 1180 2039 dug

140 2062 219 2126 cem,
246 2046 442 2121 quantumin
467 2061 539 2121 pace
563 2043 644 2103 vides
667 2046 841 2123 prinoipem.
887 2047 997 2105 innotis
1020 2049 1156 2107 exerciti·
1171 2061 1197 2102 ro

139 2132 211 2213 bus,
235 2133 345 2210 quique
369 2131 425 2191 sub
445 2130 570 2191 Caesare
589 2132 708 2192 inerant
726 2135 837 2211 quique
861 2134 896 2194 ad
919 2151 988 2194 eum
1006 2142 1158 2215 venerant,

141 2221 361 2297 contractisque
385 2222 416 2279 in
438 2237 497 2280 nna
521 2227 618 2280 castra
642 2220 746 2280 decern
768 2220 947 2303 legionibus,
972 2225 1158 2302 septuaginta

141 2309 266 2388 amplius
294 2307 481 2389 cohortibus,
509 2308 613 2368 decem
639 2308 692 2368 alis
720 2316 750 2369 et
777 2309 913 2387 pluribus
941 2328 1030 2390 quam
1053 2311 1157 2372 decem

140 2406 349 2458 veteranorum
373 2395 505 2478 milibus,
529 2395 635 2456 adhoc
655 2415 760 2476 magno
779 2398 1013 2459 voluntariorum
1030 2417 1156 2460 numero

141 2485 349 2563 frequentique
374 2486 474 2563 equite
502 2486 598 2565 regio,
627 2492 709 2545 tanto
738 2486 865 2563 denique
890 2490 1036 2569 exercitu,
1064 2506 1155 2566 quan·
1170 2503 1198 2544 ro

140 2581 189 2632 tus
217 2572 298 2633 nullo
326 2590 466 2652 umquam
497 2572 562 2633 loco
589 2580 658 2652 post
684 2572 760 2632 bella
787 2573 885 2634 fuerat
913 2576 1021 2656 civilia,
1053 2593 1156 2636 omnes

142 2678 176 2719 eo
209 2662 273 2738 ipso
310 2659 379 2719 laeti
416 2668 501 2720 erant
532 2663 747 2739 maximamque
780 2662 917 2722 fiduciam
949 2666 1089 2725 victoriae
1125 2667 1156 2724 in

109 2760 265 2808 enumero
294 2745 486 2826 reponebant.
532 2757 561 2809 at
588 2751 763 2830 imperator,
790 2752 921 2828 optimus
948 2770 1051 2813 eorum
1080 2770 1155 2831 quae

140 2835 243 2915 agebat
266 2834 354 2895 iudex
378 2843 408 2895 et
427 2835 510 2895 utilia
530 2838 673 2914 speciosis
686 2837 860 2916 praeferens
875 2839 1013 2919 quodque
1038 2858 1156 2920 semper

194 3047 208 3095 1
228 3041 327 3111 fugata
342 3041 380 3096 P:
399 3040 468 3112 fuga
483 3041 560 3110 MA,
578 3041 642 3096 fusa
667 3042 778 3098 Vossius
845 3052 861 3100 3
881 3044 1034 3099 vindicavit
1053 3045 1156 3100 Putea·

139 3129 204 3167 aas:
227 3112 401 3166 uindicatum
423 3112 482 3166 ΑΡ
557 3119 573 3166 4
597 3130 614 3167 a
635 3130 713 3168 more
733 3156 739 3168 .
760 3157 765 3168 .
785 3116 975 3185 discrepantes
999 3115 1156 3172 Puteanus:

139 3200 234 3237 amore
250 3225 255 3237 .
271 3227 277 3239 .
293 3185 437 3252 crepantes
452 3183 511 3236 ΑΡ
570 3190 586 3239 6
605 3185 665 3238 tam
682 3184 692 3237 i
716 3183 770 3241 'tur
785 3186 876 3241 dubiis
890 3186 1024 3240 Heinsius
1087 3193 1121 3242 10
1140 3202 1155 3241 e

139 3255 203 3308 odd.
222 3254 334 3308 Boecler
350 3259 353 3318 Ι
369 3254 471 3323 quibus
491 3254 567 3308 MA:
587 3255 636 3323 qui
656 3202 823 3327 Pfordinis
838 3257 967 3312 Gelenius
1022 3263 1052 3311 11
1073 3273 1154 3326 prae-

137 3326 221 3392 rupta
238 3325 266 3378 A
339 3330 372 3378 14
391 3327 452 3379 erat
470 3325 555 3380 eiiam
573 3326 632 3379 ΑΡ
715 3332 748 3381 15
768 3330 881 3398 ceperat
898 3330 925 3382 A
1013 3330 1047 3382 20
1064 3327 1153 3385 uides.

137 3393 281 3464 Principes
296 3395 325 3448 P
338 3396 403 3462 (non
418 3397 494 3464 MA)
548 3402 581 3450 23
601 3396 626 3449 X
644 3397 697 3452 alis
716 3401 746 3452 et
759 3400 897 3455 Laureae:
916 3398 1004 3453 XllIl.
1024 3398 1074 3471 sed
1088 3398 1154 3466 ΑΡ,

138 3464 216 3517 Xllll
235 3465 288 3518 alis
307 3468 336 3519 et
353 3466 468 3535 Lipsiae
541 3473 574 3520 24
594 3466 685 3522 adhoc
705 3468 733 3521 P
