2422 3848
116 170 159 233 62
609 172 635 225 ΙΙ

115 338 286 399 consulatus
309 336 443 417 exemplo
467 338 578 418 inrrlili,
605 337 657 397 scd
680 337 758 398 sacto
781 337 903 398 salutari
924 338 971 397 rei
992 336 1137 416 publicae

114 431 193 488 circa
225 426 350 486 Bovillas
382 434 534 487 contracta
565 444 601 485 ex
633 443 763 486 occursu
797 428 863 486 rixa
892 425 1047 505 iugulatus
1079 436 1137 489 est

113 516 251 577 Milonem
270 533 356 576 reum
373 533 434 574 non
452 517 545 593 magis
564 515 672 574 invidia
686 515 756 574 lacti
770 531 860 592 quam
872 514 997 594 Pompei
1010 515 1137 577 damna-

83 608 154 665 5vit
180 605 330 685 voluntas3
358 621 459 683 quem
475 601 595 681 qrridem
622 603 659 664 ll.
689 602 760 664 Cato
787 603 883 682 palam
913 602 973 664 lata
1003 603 1138 666 absolvit

113 696 273 754 sententia:
305 695 357 771 qui
389 694 415 751 si
446 694 592 752 maturius
621 691 753 773 tulisset,
786 710 847 753 non
878 691 1049 753 defuissent
1081 695 1161 772 quis

113 789 312 861 sequerentur
338 780 505 858 exemplum
528 779 749 859 probarentque
777 799 846 841 enm
868 783 963 840 civem
986 783 1138 864 occisum,

112 889 171 948 quo
195 887 283 930 nemo
305 870 503 950 perniciosior
525 871 570 929 rei
590 867 726 947 publicae
749 887 847 948 neque
869 868 957 929 bonis
979 870 1138 931 inimicior

112 961 233 1018 vixerat.

83 1057 97 1103 1
200 1043 253 1107 48.
298 1046 378 1108 lntra
402 1046 492 1107 breve
516 1044 623 1106 deinde
647 1047 775 1124 spatium
798 1045 867 1105 belli
891 1045 986 1106 civilis
1009 1065 1135 1108 exarse-

110 1145 182 1197 runt
208 1137 305 1216 initia,
337 1153 405 1195 crim
432 1136 615 1195 iustissimus
643 1135 768 1212 quisque
797 1143 828 1195 ct
854 1153 871 1195 a
900 1134 1027 1195 Caesare
1057 1145 1091 1197 et
1118 1144 1170 1197 alt

110 1224 251 1304 Pompeio
274 1223 363 1283 vellet
385 1223 494 1283 dimitti
517 1224 680 1302 exercitus3
708 1225 817 1302 qnippe
840 1222 1000 1302 Pompeius
1023 1226 1060 1285 in
1087 1244 1135 1286 se-

111 1314 208 1373 cundo
237 1310 392 1371 consulatu
419 1309 576 1389 Hispanias
609 1309 665 1371 sihi
697 1311 819 1371 decerni
850 1312 984 1373 voluerat
1016 1331 1134 1392 easque

109 1419 164 1479 per
191 1402 354 1460 triennium
382 1397 489 1458 absens
516 1401 581 1477 ipse
609 1418 642 1459 ac
671 1399 843 1478 praesidens
870 1400 939 1460 urbi
965 1418 1021 1479 per
1045 1401 1134 1462 Aira-

110 1491 193 1548 nium
211 1495 242 1548 et
259 1486 424 1567 Petreium,
443 1487 629 1548 consularem
648 1491 896 1570 aopraetorium,
914 1488 1028 1567 legatos
1049 1508 1134 1573 suos,

110 1575 334 1636 administrabat
358 1583 387 1636 et
409 1578 459 1655 iia,
488 1578 538 1654 qni
567 1595 583 1636 a
607 1576 732 1637 Caesare
755 1576 947 1637 dimittendos
974 1580 1133 1641 exercitus
1146 1586 1168 1627 1⁶

110 1664 341 1746 contendebant,
370 1663 592 1745 adsentabatur,
616 1667 666 1746 iis,
691 1668 742 1744 qui
765 1665 801 1726 ab
824 1669 889 1744 ipso
913 1683 1049 1747 quoque,
1080 1668 1132 1729 ad-

79 1753 291 1815 2versabatur.
338 1756 389 1831 qni
417 1755 442 1813 si
470 1761 537 1812 ante
566 1752 733 1835 biennium,
762 1772 850 1833 qnam
877 1753 913 1814 ad
941 1771 1022 1814 arma
1051 1757 1132 1817 itum

111 1852 170 1923 est,
192 1843 334 1922 perlectis
358 1839 533 1902 muneribus
557 1841 667 1902 theatri
689 1850 720 1902 et
742 1842 868 1903 aliorum
886 1860 1025 1922 opernm,
1051 1862 1131 1922 quae

109 1934 137 1991 ei
156 1930 364 2008 circumdedit,
383 1932 555 2008 gravissima
577 1939 739 2012 temptatus
758 1931 926 1992 valetudine
945 1930 1131 1994 decessisset

108 2023 140 2079 in
164 2019 335 2100 Campania,
365 2011 439 2100 (quo
467 2017 586 2096 quidem
615 2027 749 2099 tempore
780 2022 918 2080 universa
946 2019 1029 2081 ltalia
1059 2030 1166 2091 octav

108 2127 164 2187 pro
189 2107 282 2167 salute
306 2109 371 2167 cius
398 2109 486 2186 primi
514 2110 648 2168 omnium
671 2109 779 2169 civium
803 2103 950 2191 suscepit)
979 2107 1130 2171 defuisset

108 2197 245 2257 fortunae
277 2194 452 2256 destruendi
484 2197 548 2256 eius
576 2195 660 2256 locus
690 2204 733 2278 et,
766 2215 855 2276 quam
886 2195 964 2277 apud
997 2215 1129 2276 superos

107 2284 251 2346 habuerat
282 2283 529 2364 magnitudinem,
561 2283 712 2344 inlibatam
745 2284 901 2346 detulisset
933 2286 969 2347 ad
1001 2287 1128 2347 inser-os.

76 2374 184 2434 abella
208 2382 308 2435 autem
337 2371 415 2433 civili
443 2379 474 2431 et
496 2379 553 2452 tot,
583 2390 658 2450 quae
687 2372 793 2434 deinde
821 2393 876 2454 per
899 2376 1061 2441 continuos
1084 2378 1125 2436 vi·
1170 2450 1175 2459 Ι

107 2466 180 2542 giuti
195 2480 287 2523 annos
303 2466 463 2521 consecuta
477 2468 560 2540 sunt,
577 2460 662 2521 malis
676 2479 736 2521 non
750 2462 825 2524 alius
839 2465 982 2523 maiorem
996 2462 1124 2542 flagran·
1139 2472 1162 2513 2⁵

105 2554 273 2628 tioremque
298 2567 386 2628 qnam
410 2547 440 2608 C.
456 2546 546 2607 Curio
570 2547 709 2610 tribunus
731 2551 771 2630 pl.
795 2551 922 2612 subiecit
945 2553 1055 2633 facem,
1079 2555 1126 2613 vir

105 2638 227 2718 nobilis,
259 2638 414 2717 eloquens,
442 2635 552 2718 audax,
580 2655 650 2698 suae
678 2639 849 2719 alienaeque
877 2648 908 2701 et
930 2641 1071 2700 fortunae
1095 2650 1127 2702 et

106 2726 266 2805 pudicitiae
284 2725 441 2805 prodigus,
464 2725 552 2785 bomo
571 2727 808 2806 ingeniosissime
828 2747 956 2808 nequam
974 2736 1005 2788 ct
1020 2729 1124 2789 facun-

75 2814 162 2874 4-dus
185 2813 262 2873 malo
285 2811 419 2894 publico,
447 2816 532 2875 carius
563 2817 660 2876 animo
685 2815 900 2896 [voluptatibus
923 2817 969 2876 vel
992 2816 1123 2879 libidini·

178 3025 192 3073 1
211 3019 305 3074 inutili
323 3020 373 3075 sed
396 3020 527 3076 Ursinus:
545 3020 683 3075 inutiliter
700 3022 770 3090 AP,
788 3022 882 3077 inutili
901 3025 970 3091 (siue
988 3022 1049 3091 sed)
1069 3024 1124 3079 Ge-

105 3092 193 3145 lenius
254 3097 269 3144 9
288 3091 372 3147 bellis
392 3092 420 3145 P
483 3097 515 3145 13
534 3091 701 3147 Abannium
721 3092 760 3161 P,
780 3093 955 3148 Africanium
974 3094 1022 3162 M,
1045 3094 1123 3149 Affi-

104 3179 204 3216 canum
222 3163 249 3216 Α
341 3170 374 3218 16
393 3161 593 3217 accensebatur
611 3179 661 3217 oon.
680 3163 708 3216 A
734 3167 738 3231 Ι
763 3165 799 3218 ab
821 3165 884 3234 ipso
911 3180 1022 3233 quoque
1042 3165 1124 3219 Mada

104 3233 285 3289 dimittendos
304 3233 340 3288 ab
358 3233 476 3304 ipsoque
492 3233 520 3286 P
537 3249 570 3286 ec
588 3234 798 3302 interpolatione
811 3236 941 3291 Rhenum
1008 3242 1041 3289 19
1060 3238 1124 3293 ben-

102 3307 178 3359 tatus
199 3306 227 3357 P
306 3311 339 3358 21
361 3305 452 3374 primo
471 3304 542 3370 AP,
560 3320 607 3358 ero.
634 3303 806 3360 Vascosaooe
892 3312 926 3361 29
945 3306 1024 3362 cuius
1043 3306 1124 3363 Gele-

102 3378 180 3431 nius:
199 3377 281 3430 huius
300 3375 358 3428 ΑΡ
372 3377 377 3444 Ι
392 3375 499 3444 volupt.
520 3373 566 3428 vel
584 3373 663 3429 libid.
682 3378 799 3446 plessero
817 3378 1122 3448 accesibilitatem

104 3448 181 3501 cuius
200 3445 306 3500 insanis
325 3445 458 3514 (nimiisi)
476 3446 533 3501 vol.
552 3445 664 3501 Bubul.
