2422 3848
159 172 201 235 12
660 177 673 229 Ι

158 342 292 402 modicus
306 343 427 421 virium,
450 342 576 400 inmanis
599 341 811 418 magnitudinis
824 340 940 401 hostem
954 337 1170 423 interemisset)

127 441 282 508 freamque
314 428 420 489 urbem
452 431 545 507 magis
577 429 686 489 invidia
716 431 833 507 imperii
866 446 954 506 quam
986 427 1075 489 ullius
1106 432 1170 490 eius

157 520 301 597 temporis
324 519 429 576 noxiae
452 518 577 576 invisam
599 516 732 577 Romano
756 519 868 576 nomini
891 516 1025 577 funditus
1049 519 1171 578 sustulit

157 605 287 685 fecitque
312 623 383 666 snae
405 607 525 665 virtutis
548 607 776 686 monimentum,
805 604 883 683 quod
911 605 1009 665 fuerat
1036 608 1081 665 avi
1105 609 1170 667 eius

158 694 340 754 clementiae.
380 693 524 772 Carthago
548 690 646 754 diruta
669 702 727 774 est,
751 711 818 753 cum
842 694 974 771 stetisset
997 696 1081 753 annis
1106 710 1198 755 sex-5

158 784 253 842 centis
283 784 471 860 septuaginta
498 781 627 862 duobus,
657 781 763 842 abhinc
794 800 887 841 annos
910 789 1031 843 centum
1054 791 1171 862 septua-

127 873 239 947 6ginta
270 872 326 930 tris
354 869 405 930 Cn.
435 869 571 930 Corneho
602 869 728 931 Lentulo
756 867 787 930 L.
815 869 956 931 Mummio
989 871 1171 932 consulibus.

157 958 237 1018 hunc
260 958 349 1017 finem
372 957 476 1018 habuit
499 959 623 1018 Romani
645 960 763 1036 imperii
783 956 928 1038 Carthago
952 958 1079 1040 aemula,
1103 979 1171 1020 cum

157 1064 216 1124 qua
238 1046 348 1105 bellare
371 1047 498 1105 maiores
521 1048 616 1106 nostri
640 1064 766 1125 coepere
781 1045 903 1106 Claudio
927 1055 957 1107 ct
975 1047 1077 1108 Fulvio
1101 1067 1170 1108 con·

157 1133 272 1194 sulibus
304 1142 372 1194 ante
404 1153 497 1194 annos
527 1134 671 1194 ducentos
699 1136 859 1213 nonaginta
890 1135 978 1216 duos,
1011 1154 1099 1213 quarn
1130 1146 1171 1217 tu,
1186 1154 1207 1191 ιι

156 1222 192 1282 Μ.
216 1221 324 1303 Vinici,
357 1221 544 1283 consulatum
559 1224 677 1282 'inires
722 1223 763 1282 ita
789 1241 844 1300 per
871 1241 964 1283 annos
993 1233 1113 1285 centum
1142 1232 1172 1285 ct

155 1313 260 1390 viginti
290 1319 341 1371 ant
363 1310 475 1371 bellum
497 1312 576 1370 inter
600 1329 651 1370 cos
674 1310 800 1389 populos
820 1319 871 1371 aut
893 1310 963 1371 belli
985 1316 1170 1391 praeparatio

127 1407 208 1460 taut
234 1399 323 1459 infida
352 1417 408 1479 pax
436 1400 501 1459 fuit.
538 1416 635 1476 neque
664 1417 695 1458 se
725 1397 819 1459 Roma
845 1402 904 1459 iam
933 1408 1082 1461 terrarum
1106 1401 1171 1461 orbi

158 1495 298 1565 superato
322 1505 458 1548 securam
481 1489 610 1565 speravit
633 1487 710 1568 iore,
736 1490 762 1546 si
784 1506 893 1548 nomen
916 1507 1043 1566 usquam
1066 1493 1171 1550 stantis

156 1584 290 1636 maneret
305 1574 504 1653 Carthaginis:
532 1574 605 1634 adeo
629 1575 730 1635 odium
744 1575 956 1636 certaminibus
971 1585 1070 1637 ortum
1092 1577 1171 1638 ultra
1186 1595 1197 1632 1

157 1670 270 1724 metum
293 1663 380 1723 durat
403 1670 433 1723 et
456 1681 493 1734 ne
517 1665 548 1722 in
572 1665 657 1722 victis
681 1664 801 1742 quidem
815 1663 974 1742 deponitur
988 1684 1086 1744 neque
1103 1676 1170 1727 ante

156 1754 284 1812 invisum
308 1769 374 1812 esse
398 1751 507 1811 desinit
530 1768 617 1828 quam
641 1769 707 1811 esse
731 1751 827 1812 desiit.
999 1798 1002 1805 .

128 1850 142 1896 1
249 1837 298 1899 13.
331 1840 405 1900 Ante
420 1841 584 1900 triennium
598 1857 686 1917 qnam
700 1838 845 1918 Carthago
860 1839 1024 1921 deleretur,
1038 1841 1075 1902 M.
1091 1841 1171 1924 Cato,

157 1936 321 2006 perpetuus
345 1927 506 1988 diruendae
534 1929 599 1987 cius
623 1936 739 2008 auctor,
762 1926 794 1989 L.
810 1928 972 1989 Censorino
991 1929 1038 1990 Μ’.
1052 1930 1170 1990 Manilio

158 2015 330 2075 consulibus
353 2024 480 2076 mortem
504 2013 585 2076 obiit.
622 2015 726 2076 eodem
750 2034 840 2100 anno,
863 2035 922 2096 quo
942 2016 1086 2097 Carthago
1102 2038 1170 2079 con·
1186 2035 1208 2072 ι·

158 2104 242 2184 cidit,
265 2101 296 2163 L.
311 2103 471 2164 Mummius
491 2102 666 2163 Corinthum
689 2111 757 2183 post
780 2124 873 2165 annos
896 2114 1062 2183 nongentos
1086 2111 1170 2186 quin-

158 2194 297 2270 quaginta
320 2191 408 2272 duos,
438 2209 527 2270 quam
550 2191 586 2251 ab
610 2192 693 2252 Alete
715 2191 852 2272 Hippotis
875 2192 935 2252 tiho
960 2201 1023 2253 crat
1045 2196 1172 2277 condita,

127 2280 291 2341 aiunditus
324 2282 411 2340 eruit.
459 2287 585 2358 uterquc
618 2282 780 2359 imperator
807 2282 939 2341 devictae
966 2299 983 2339 a
1012 2301 1044 2343 se
1075 2286 1172 2362 gentis

156 2371 275 2429 nominc
307 2367 483 2449 honoratus,
516 2368 591 2428 alter
622 2368 791 2449 Africanus,
823 2369 898 2429 alter
930 2370 1093 2447 appellatus
1125 2382 1171 2433 est

155 2456 314 2536 Achaicus3
337 2474 393 2516 nec
417 2459 575 2535 quisquam
599 2475 634 2516 ex
651 2459 735 2516 novis
749 2457 918 2517 hominibus
933 2460 1015 2536 prior
1029 2459 1197 2520 Mummios

125 2557 320 2621 acognomen
343 2546 453 2605 virtute
477 2552 595 2624 partum
609 2545 774 2605 vindicavit.
811 2546 920 2606 diversi
940 2548 1171 2624 imperatoribus

155 2650 268 2712 mores,
298 2631 412 2692 diversa
441 2634 524 2693 fuere
553 2632 663 2693 studia:
700 2635 809 2712 quippe
839 2634 937 2714 Scipio
964 2642 1025 2695 tam
1052 2637 1170 2715 elegans

227 2871 325 2927 iolla
346 2871 462 2930 illiust
442 2871 565 2927 tnoxia
587 2871 742 2926 Salmasius
760 2878 784 2926 et
803 2873 939 2930 θιιιιιιιιι
1037 2884 1169 2932 4monu-

154 2944 280 3068 men6tum
293 2942 352 2996 ΑΡ
369 2943 437 3010 (nou
456 2918 507 3012 Μ)
579 2947 595 2996 ὃ
619 2961 729 2996 ncnxxn
748 2944 1170 3016 Iani:ocnxv11P,ncnxv1A

209 3013 873 3082 dcnxxanritz.cuxxv11M,ccmv11AP
939 3023 973 3071 10
992 3037 1079 3071 ccxcn
1093 3019 1169 3072 Lou-

155 3089 227 3138 rent:
251 3103 344 3138 ccxcm
363 3083 422 3138 ΑΡ
528 3089 559 3136 11
584 3103 636 3137 cxx
655 3084 740 3139 Ioui:
762 3105 812 3140 cxv
830 3087 890 3140 ΑΡ
996 3093 1028 3140 13
1049 3087 1111 3142 orbi
1128 3091 1169 3144 A.

155 3154 222 3208 orbe
242 3156 270 3208 P
342 3161 375 3208 14
392 3169 495 3209 nomen
510 3153 549 3208 P.
567 3153 677 3208 monitu
696 3156 775 3224 (corr.
789 3173 823 3210 ec
836 3158 893 3224 mo)
908 3157 936 3210 A
949 3161 1013 3211 teste
1028 3156 1169 3228 Pechterm

153 3225 357 3280 monimentum
374 3225 474 3279 Baiter
545 3223 605 3278 17
596 3224 687 3279 invisa
706 3241 765 3279 esse
784 3227 868 3280 desiit
885 3226 924 3280 Isi
919 3229 1002 3295 peina
1074 3235 1107 3283 19
1121 3231 1168 3284 M’.

153 3294 271 3350 Manilio
289 3297 394 3351 Aldus:
417 3295 455 3348 M
473 3295 580 3354 Manlio
598 3296 658 3348 ΑΡ
755 3297 838 3350 21Ιι.
857 3296 1022 3354 Rhodum
1043 3301 1124 3368 aM,
1143 3304 1168 3354 A

152 3366 212 3419 AP
297 3373 331 3421 22
355 3367 392 3420 ab
410 3365 538 3432 Elete(a.
555 3365 652 3420 Belete
673 3366 711 3433 P)
728 3365 866 3448 Hipponis
885 3368 949 3436 AP,
971 3386 1020 3425 em
1040 3370 1169 3428 Gelenius

207 3441 240 3490 23
261 3435 355 3492 Sonuit
372 3436 399 3490 A
415 3438 420 3504 Ι
436 3435 563 3490 deuictae
583 3451 630 3490 eas
649 3437 757 3506 egentis
775 3437 803 3490 A
875 3444 910 3494 26
929 3411 1046 3495 diuersis
1063 3443 1092 3495 A
