<?xml version="1.0" encoding="UTF-8"?>
<!DOCTYPE html PUBLIC "-//W3C//DTD XHTML 1.0 Transitional//EN"
    "http://www.w3.org/TR/xhtml1/DTD/xhtml1-transitional.dtd">
<html xmlns="http://www.w3.org/1999/xhtml" xml:lang="en" lang="en">
 <head>
  <title>
</title>
<meta http-equiv="Content-Type" content="text/html;charset=utf-8" />
  <meta name='ocr-system' content='tesseract 3.04.00' />
  <meta name='ocr-capabilities' content='ocr_page ocr_carea ocr_par ocr_line ocrx_word'/>
</head>
<body>
  <div class='ocr_page' id='page_1' title='image "./exhistoriaeroma00pategoog_0131.png"; bbox 0 0 2422 3848; ppageno 0'>
   <div class='ocr_carea' id='block_1_1' title="bbox 120 154 635 218">
    <p class='ocr_par' dir='ltr' id='par_1_1' title="bbox 120 154 635 218">
     <span class='ocr_line' id='line_1_1' title="bbox 120 154 635 218; baseline 0.004 -2"><span class='ocrx_word' id='word_1_1' title='bbox 120 154 184 218; x_wconf 79' lang='lat'><strong>120</strong></span> <span class='ocrx_word' id='word_1_2' title='bbox 609 154 635 207; x_wconf 88' lang='grc' dir='ltr'><strong>ΙΙ</strong></span> 
     </span>
    </p>
   </div>
   <div class='ocr_carea' id='block_1_2' title="bbox 75 316 1139 664">
    <p class='ocr_par' dir='ltr' id='par_1_2' title="bbox 75 316 1139 664">
     <span class='ocr_line' id='line_1_2' title="bbox 75 316 1133 398; baseline -0.004 -16"><span class='ocrx_word' id='word_1_3' title='bbox 75 336 91 382; x_wconf 70' lang='grc' dir='ltr'>ι</span> <span class='ocrx_word' id='word_1_4' title='bbox 115 322 228 379; x_wconf 92' lang='lat' dir='ltr'><strong>maniae</strong></span> <span class='ocrx_word' id='word_1_5' title='bbox 256 319 365 379; x_wconf 84' lang='lat' dir='ltr'><strong>linibus</strong></span> <span class='ocrx_word' id='word_1_6' title='bbox 393 321 538 380; x_wconf 84' lang='lat' dir='ltr'><strong>exercitui</strong></span> <span class='ocrx_word' id='word_1_7' title='bbox 564 337 703 398; x_wconf 89' lang='lat' dir='ltr'><strong>praeesse</strong></span> <span class='ocrx_word' id='word_1_8' title='bbox 732 317 876 378; x_wconf 86' lang='lat' dir='ltr'><strong>crederet.</strong></span> <span class='ocrx_word' id='word_1_9' title='bbox 898 316 985 388; x_wconf 76' lang='lat' dir='ltr'><strong>lltum</strong></span> <span class='ocrx_word' id='word_1_10' title='bbox 1015 320 1133 378; x_wconf 88' lang='lat' dir='ltr'><strong>iuvenis</strong></span> 
     </span>
     <span class='ocr_line' id='line_1_3' title="bbox 115 405 1132 489; baseline -0.001 -21"><span class='ocrx_word' id='word_1_11' title='bbox 115 426 224 487; x_wconf 82' lang='lat' dir='ltr'><strong>genere</strong></span> <span class='ocrx_word' id='word_1_12' title='bbox 247 407 368 489; x_wconf 72' lang='lat' dir='ltr'><strong>nobilis,</strong></span> <span class='ocrx_word' id='word_1_13' title='bbox 397 425 483 468; x_wconf 91' lang='lat' dir='ltr'><strong>manu</strong></span> <span class='ocrx_word' id='word_1_14' title='bbox 509 409 608 488; x_wconf 82' lang='lat' dir='ltr'><strong>sortis,</strong></span> <span class='ocrx_word' id='word_1_15' title='bbox 636 425 727 467; x_wconf 91' lang='lat' dir='ltr'><strong>sensu</strong></span> <span class='ocrx_word' id='word_1_16' title='bbox 750 406 842 485; x_wconf 69' lang='lat' dir='ltr'><strong>celer,</strong></span> <span class='ocrx_word' id='word_1_17' title='bbox 870 406 948 466; x_wconf 90' lang='lat' dir='ltr'><strong>ultra</strong></span> <span class='ocrx_word' id='word_1_18' title='bbox 970 405 1132 467; x_wconf 91' lang='lat' dir='ltr'><strong>barbarum</strong></span> 
     </span>
     <span class='ocr_line' id='line_1_4' title="bbox 115 494 1139 577; baseline -0.001 -21"><span class='ocrx_word' id='word_1_19' title='bbox 115 503 270 576; x_wconf 91' lang='lat' dir='ltr'><strong>promptus</strong></span> <span class='ocrx_word' id='word_1_20' title='bbox 302 498 436 577; x_wconf 82' lang='lat' dir='ltr'><strong>ingenio,</strong></span> <span class='ocrx_word' id='word_1_21' title='bbox 467 498 585 555; x_wconf 89' lang='lat' dir='ltr'><strong>nomine</strong></span> <span class='ocrx_word' id='word_1_22' title='bbox 617 495 782 575; x_wconf 81' lang='lat' dir='ltr'>Arminius,</span> <span class='ocrx_word' id='word_1_23' title='bbox 818 494 956 573; x_wconf 86' lang='lat' dir='ltr'><strong>Sigimeri</strong></span> <span class='ocrx_word' id='word_1_24' title='bbox 986 497 1139 573; x_wconf 82' lang='lat' dir='ltr'><strong>principis</strong></span> 
     </span>
     <span class='ocr_line' id='line_1_5' title="bbox 116 581 1131 664; baseline -0.002 -20"><span class='ocrx_word' id='word_1_25' title='bbox 116 587 212 662; x_wconf 82' lang='lat' dir='ltr'><strong>gentis</strong></span> <span class='ocrx_word' id='word_1_26' title='bbox 243 586 306 645; x_wconf 90' lang='lat' dir='ltr'><strong>eius</strong></span> <span class='ocrx_word' id='word_1_27' title='bbox 336 583 427 664; x_wconf 84' lang='lat' dir='ltr'><strong>filius,</strong></span> <span class='ocrx_word' id='word_1_28' title='bbox 458 581 596 644; x_wconf 89' lang='lat' dir='ltr'><strong>ardorem</strong></span> <span class='ocrx_word' id='word_1_29' title='bbox 627 585 718 643; x_wconf 92' lang='lat' dir='ltr'><strong>animi</strong></span> <span class='ocrx_word' id='word_1_30' title='bbox 749 581 832 643; x_wconf 88' lang='lat' dir='ltr'><strong>vultu</strong></span> <span class='ocrx_word' id='word_1_31' title='bbox 863 583 1016 660; x_wconf 88' lang='lat' dir='ltr'><strong>oculisque</strong></span> <span class='ocrx_word' id='word_1_32' title='bbox 1046 601 1131 662; x_wconf 91' lang='lat' dir='ltr'><strong>prae·</strong></span> 
     </span>
    </p>
   </div>
   <div class='ocr_carea' id='block_1_3' title="bbox 77 672 1177 2515">
    <p class='ocr_par' dir='ltr' id='par_1_3' title="bbox 116 672 1160 1104">
     <span class='ocr_line' id='line_1_6' title="bbox 116 672 1160 752; baseline -0.005 -21"><span class='ocrx_word' id='word_1_33' title='bbox 116 674 229 752; x_wconf 81' lang='lat' dir='ltr'><strong>ferens,</strong></span> <span class='ocrx_word' id='word_1_34' title='bbox 251 672 393 733; x_wconf 89' lang='lat' dir='ltr'><strong>adsiduus</strong></span> <span class='ocrx_word' id='word_1_35' title='bbox 414 672 535 733; x_wconf 89' lang='lat' dir='ltr'><strong>militiae</strong></span> <span class='ocrx_word' id='word_1_36' title='bbox 554 679 673 732; x_wconf 86' lang='lat' dir='ltr'><strong>nostrae</strong></span> <span class='ocrx_word' id='word_1_37' title='bbox 691 673 801 750; x_wconf 91' lang='lat' dir='ltr'><strong>prioris</strong></span> <span class='ocrx_word' id='word_1_38' title='bbox 821 689 933 752; x_wconf 90' lang='lat' dir='ltr'><strong>eomes,</strong></span> <span class='ocrx_word' id='word_1_39' title='bbox 956 673 1022 732; x_wconf 89' lang='lat' dir='ltr'><strong>iure</strong></span> <span class='ocrx_word' id='word_1_40' title='bbox 1042 674 1160 731; x_wconf 78' lang='lat' dir='ltr'><strong>etiams</strong></span> 
     </span>
     <span class='ocr_line' id='line_1_7' title="bbox 117 758 1132 841; baseline -0.001 -21"><span class='ocrx_word' id='word_1_41' title='bbox 117 763 243 821; x_wconf 84' lang='lat' dir='ltr'><strong>civitatis</strong></span> <span class='ocrx_word' id='word_1_42' title='bbox 258 760 406 821; x_wconf 83' lang='lat' dir='ltr'>Romanae</span> <span class='ocrx_word' id='word_1_43' title='bbox 426 759 517 820; x_wconf 88' lang='lat' dir='ltr'><strong>decus</strong></span> <span class='ocrx_word' id='word_1_44' title='bbox 533 762 681 838; x_wconf 90' lang='lat' dir='ltr'><strong>equestris</strong></span> <span class='ocrx_word' id='word_1_45' title='bbox 695 767 875 820; x_wconf 89' lang='lat' dir='ltr'><strong>consecutus</strong></span> <span class='ocrx_word' id='word_1_46' title='bbox 893 758 1015 841; x_wconf 88' lang='lat' dir='ltr'><strong>gradus,</strong></span> <span class='ocrx_word' id='word_1_47' title='bbox 1035 762 1132 839; x_wconf 84' lang='lat' dir='ltr'><strong>segni-</strong></span> 
     </span>
     <span class='ocr_line' id='line_1_8' title="bbox 117 847 1134 929; baseline 0 -21"><span class='ocrx_word' id='word_1_48' title='bbox 117 852 157 909; x_wconf 90' lang='lat' dir='ltr'><strong>tia</strong></span> <span class='ocrx_word' id='word_1_49' title='bbox 176 848 260 909; x_wconf 91' lang='lat' dir='ltr'><strong>ducis</strong></span> <span class='ocrx_word' id='word_1_50' title='bbox 279 851 310 909; x_wconf 95' lang='lat' dir='ltr'><strong>in</strong></span> <span class='ocrx_word' id='word_1_51' title='bbox 325 851 511 909; x_wconf 80' lang='lat' dir='ltr'><strong>occasionem</strong></span> <span class='ocrx_word' id='word_1_52' title='bbox 526 848 649 909; x_wconf 86' lang='lat' dir='ltr'><strong>sceleris</strong></span> <span class='ocrx_word' id='word_1_53' title='bbox 662 866 737 908; x_wconf 91' lang='lat' dir='ltr'><strong>usus</strong></span> <span class='ocrx_word' id='word_1_54' title='bbox 751 856 810 929; x_wconf 90' lang='lat' dir='ltr'><strong>est,</strong></span> <span class='ocrx_word' id='word_1_55' title='bbox 833 847 911 908; x_wconf 93' lang='lat' dir='ltr'><strong>haud</strong></span> <span class='ocrx_word' id='word_1_56' title='bbox 926 848 1134 926; x_wconf 75' lang='lat' dir='ltr'><strong>imprudenter</strong></span> 
     </span>
     <span class='ocr_line' id='line_1_9' title="bbox 118 936 1134 1017; baseline 0 -21"><span class='ocrx_word' id='word_1_57' title='bbox 118 936 286 1015; x_wconf 79' lang='lat' dir='ltr'><strong>speculatus</strong></span> <span class='ocrx_word' id='word_1_58' title='bbox 306 939 455 997; x_wconf 90' lang='lat' dir='ltr'><strong>neminem</strong></span> <span class='ocrx_word' id='word_1_59' title='bbox 475 936 602 997; x_wconf 88' lang='lat' dir='ltr'><strong>celerius</strong></span> <span class='ocrx_word' id='word_1_60' title='bbox 621 938 762 1017; x_wconf 83' lang='lat' dir='ltr'><strong>opprimi,</strong></span> <span class='ocrx_word' id='word_1_61' title='bbox 781 954 870 1015; x_wconf 90' lang='lat' dir='ltr'><strong>quam</strong></span> <span class='ocrx_word' id='word_1_62' title='bbox 889 939 940 1014; x_wconf 89' lang='lat' dir='ltr'><strong>qui</strong></span> <span class='ocrx_word' id='word_1_63' title='bbox 954 936 1027 996; x_wconf 90' lang='lat' dir='ltr'><strong>nihil</strong></span> <span class='ocrx_word' id='word_1_64' title='bbox 1045 939 1134 996; x_wconf 91' lang='lat' dir='ltr'><strong>time·</strong></span> 
     </span>
     <span class='ocr_line' id='line_1_10' title="bbox 117 1024 1134 1107; baseline -0.001 -22"><span class='ocrx_word' id='word_1_65' title='bbox 117 1033 176 1107; x_wconf 90' lang='lat' dir='ltr'><strong>ret,</strong></span> <span class='ocrx_word' id='word_1_66' title='bbox 209 1033 239 1085; x_wconf 90' lang='lat' dir='ltr'><strong>et</strong></span> <span class='ocrx_word' id='word_1_67' title='bbox 266 1026 541 1104; x_wconf 80' lang='lat' dir='ltr'><strong>frequentissimum</strong></span> <span class='ocrx_word' id='word_1_68' title='bbox 572 1027 691 1086; x_wconf 89' lang='lat' dir='ltr'><strong>initium</strong></span> <span class='ocrx_word' id='word_1_69' title='bbox 723 1043 789 1085; x_wconf 88' lang='lat' dir='ltr'><strong>esse</strong></span> <span class='ocrx_word' id='word_1_70' title='bbox 817 1024 990 1084; x_wconf 81' lang='lat' dir='ltr'><strong>calamitatis</strong></span> <span class='ocrx_word' id='word_1_71' title='bbox 1021 1026 1134 1084; x_wconf 91' lang='lat' dir='ltr'><strong>securi-</strong></span> 
     </span>
    </p>

    <p class='ocr_par' dir='ltr' id='par_1_4' title="bbox 77 1091 1176 2162">
     <span class='ocr_line' id='line_1_11' title="bbox 77 1091 1175 1216; baseline -0.007 -36"><span class='ocrx_word' id='word_1_72' title='bbox 77 1121 216 1180; x_wconf 80' lang='lat' dir='ltr'><strong>statem.</strong></span> <span class='ocrx_word' id='word_1_73' title='bbox 228 1091 252 1173; x_wconf 62' lang='lat' dir='ltr'><strong>ll</strong></span> <span class='ocrx_word' id='word_1_74' title='bbox 266 1117 362 1194; x_wconf 88' lang='lat' dir='ltr'><strong>primo</strong></span> <span class='ocrx_word' id='word_1_75' title='bbox 393 1116 484 1193; x_wconf 83' lang='lat' dir='ltr'><strong>igitur</strong></span> <span class='ocrx_word' id='word_1_76' title='bbox 516 1132 640 1216; x_wconf 82' lang='lat' dir='ltr'><strong>paucos,</strong></span> <span class='ocrx_word' id='word_1_77' title='bbox 671 1131 740 1172; x_wconf 82' lang='lat' dir='ltr'><strong>mox</strong></span> <span class='ocrx_word' id='word_1_78' title='bbox 770 1112 905 1192; x_wconf 94' lang='lat' dir='ltr'><strong>pluris</strong></span> <span class='ocrx_word' id='word_1_79' title='bbox 896 1131 928 1172; x_wconf 90' lang='grc' dir='ltr'><strong>ιιι</strong></span> <span class='ocrx_word' id='word_1_80' title='bbox 961 1115 1175 1173; x_wconf 81' lang='lat' dir='ltr'><strong>societatemn</strong></span> 
     </span>
     <span class='ocr_line' id='line_1_12' title="bbox 117 1200 1134 1282; baseline 0 -21"><span class='ocrx_word' id='word_1_81' title='bbox 117 1202 233 1262; x_wconf 88' lang='lat' dir='ltr'><strong>consilii</strong></span> <span class='ocrx_word' id='word_1_82' title='bbox 255 1205 381 1282; x_wconf 87' lang='lat' dir='ltr'><strong>reecpit:</strong></span> <span class='ocrx_word' id='word_1_83' title='bbox 410 1204 537 1282; x_wconf 90' lang='lat' dir='ltr'><strong>opprimi</strong></span> <span class='ocrx_word' id='word_1_84' title='bbox 564 1220 652 1280; x_wconf 90' lang='lat' dir='ltr'><strong>posse</strong></span> <span class='ocrx_word' id='word_1_85' title='bbox 675 1201 824 1261; x_wconf 88' lang='lat' dir='ltr'><strong>Romanos</strong></span> <span class='ocrx_word' id='word_1_86' title='bbox 855 1209 885 1261; x_wconf 90' lang='lat' dir='ltr'><strong>et</strong></span> <span class='ocrx_word' id='word_1_87' title='bbox 914 1200 986 1262; x_wconf 88' lang='lat' dir='ltr'><strong>dicit</strong></span> <span class='ocrx_word' id='word_1_88' title='bbox 1012 1208 1043 1261; x_wconf 87' lang='lat' dir='ltr'><strong>et</strong></span> <span class='ocrx_word' id='word_1_89' title='bbox 1065 1219 1134 1280; x_wconf 91' lang='lat' dir='ltr'><strong>per·</strong></span> 
     </span>
     <span class='ocr_line' id='line_1_13' title="bbox 118 1289 1134 1370; baseline 0 -20"><span class='ocrx_word' id='word_1_90' title='bbox 118 1291 235 1370; x_wconf 89' lang='lat' dir='ltr'><strong>suadet</strong></span> <span class='ocrx_word' id='word_1_91' title='bbox 258 1291 387 1350; x_wconf 86' lang='lat' dir='ltr'><strong>decretis</strong></span> <span class='ocrx_word' id='word_1_92' title='bbox 406 1292 482 1350; x_wconf 89' lang='lat' dir='ltr'><strong>lacta</strong></span> <span class='ocrx_word' id='word_1_93' title='bbox 505 1292 613 1369; x_wconf 85' lang='lat' dir='ltr'><strong>iungit,</strong></span> <span class='ocrx_word' id='word_1_94' title='bbox 636 1297 754 1369; x_wconf 88' lang='lat' dir='ltr'><strong>tempus</strong></span> <span class='ocrx_word' id='word_1_95' title='bbox 775 1289 951 1350; x_wconf 79' lang='lat' dir='ltr'><strong>insidiarum</strong></span> <span class='ocrx_word' id='word_1_96' title='bbox 969 1291 1134 1350; x_wconf 88' lang='lat' dir='ltr'><strong>constituit.</strong></span> 
     </span>
     <span class='ocr_line' id='line_1_14' title="bbox 77 1377 1134 1482; baseline 0.001 -45.041"><span class='ocrx_word' id='word_1_97' title='bbox 77 1379 147 1444; x_wconf 87' lang='lat' dir='ltr'><strong>4id</strong></span> <span class='ocrx_word' id='word_1_98' title='bbox 170 1377 246 1436; x_wconf 90' lang='lat' dir='ltr'><strong>Varo</strong></span> <span class='ocrx_word' id='word_1_99' title='bbox 273 1396 327 1457; x_wconf 92' lang='lat' dir='ltr'><strong>per</strong></span> <span class='ocrx_word' id='word_1_100' title='bbox 355 1381 452 1438; x_wconf 88' lang='lat' dir='ltr'><strong>virum</strong></span> <span class='ocrx_word' id='word_1_101' title='bbox 476 1380 539 1438; x_wconf 90' lang='lat' dir='ltr'><strong>eius</strong></span> <span class='ocrx_word' id='word_1_102' title='bbox 567 1395 624 1456; x_wconf 87' lang='lat' dir='ltr'><strong>geu</strong></span> <span class='ocrx_word' id='word_1_103' title='bbox 626 1379 665 1438; x_wconf 88' lang='lat' dir='ltr'><strong>tis</strong></span> <span class='ocrx_word' id='word_1_104' title='bbox 626 1377 805 1438; x_wconf 87' lang='lat' dir='ltr'><strong>tfldelem</strong></span> <span class='ocrx_word' id='word_1_105' title='bbox 833 1377 970 1482; x_wconf 88' lang='lat' dir='ltr'><strong>clarique</strong></span> <span class='ocrx_word' id='word_1_106' title='bbox 995 1380 1134 1458; x_wconf 78' lang='lat' dir='ltr'><strong>nomime,</strong></span> 
     </span>
     <span class='ocr_line' id='line_1_15' title="bbox 119 1455 1133 1547; baseline 0.001 -22"><span class='ocrx_word' id='word_1_107' title='bbox 119 1466 292 1547; x_wconf 85' lang='lat' dir='ltr'><strong>Segesten,</strong></span> <span class='ocrx_word' id='word_1_108' title='bbox 301 1465 457 1526; x_wconf 82' lang='lat' dir='ltr'><strong>indicetur.</strong></span> <span class='ocrx_word' id='word_1_109' title='bbox 475 1465 570 1534; x_wconf 79' lang='lat' dir='ltr'><strong>tlobst</strong></span> <span class='ocrx_word' id='word_1_110' title='bbox 558 1464 689 1526; x_wconf 87' lang='lat' dir='ltr'><strong>tabant</strong></span> <span class='ocrx_word' id='word_1_111' title='bbox 681 1484 740 1526; x_wconf 87' lang='lat' dir='ltr'><strong>ram</strong></span> <span class='ocrx_word' id='word_1_112' title='bbox 762 1466 804 1526; x_wconf 70' lang='lat' dir='ltr'><strong>tat</strong></span> <span class='ocrx_word' id='word_1_113' title='bbox 775 1474 822 1526; x_wconf 82' lang='lat' dir='ltr'><strong>ata</strong></span> <span class='ocrx_word' id='word_1_114' title='bbox 845 1455 978 1526; x_wconf 76' lang='lat' dir='ltr'><strong>consiliis</strong></span> <span class='ocrx_word' id='word_1_115' title='bbox 1001 1484 1133 1527; x_wconf 92' lang='lat' dir='ltr'><strong>omnem-</strong></span> 
     </span>
     <span class='ocr_line' id='line_1_16' title="bbox 119 1534 1174 1634; baseline -0.005 -20"><span class='ocrx_word' id='word_1_116' title='bbox 119 1572 175 1632; x_wconf 85' lang='lat' dir='ltr'><strong>que</strong></span> <span class='ocrx_word' id='word_1_117' title='bbox 200 1556 287 1613; x_wconf 90' lang='lat' dir='ltr'><strong>animi</strong></span> <span class='ocrx_word' id='word_1_118' title='bbox 315 1556 382 1614; x_wconf 90' lang='lat' dir='ltr'><strong>eius</strong></span> <span class='ocrx_word' id='word_1_119' title='bbox 409 1556 504 1614; x_wconf 87' lang='lat' dir='ltr'><strong>aciem</strong></span> <span class='ocrx_word' id='word_1_120' title='bbox 530 1534 819 1633; x_wconf 80' lang='lat' dir='ltr'><strong>praestrinxerant:</strong></span> <span class='ocrx_word' id='word_1_121' title='bbox 825 1557 935 1634; x_wconf 89' lang='lat' dir='ltr'><strong>quippe</strong></span> <span class='ocrx_word' id='word_1_122' title='bbox 963 1557 1003 1614; x_wconf 93' lang='lat' dir='ltr'><strong>ita</strong></span> <span class='ocrx_word' id='word_1_123' title='bbox 1027 1573 1059 1614; x_wconf 90' lang='lat' dir='ltr'><strong>se</strong></span> <span class='ocrx_word' id='word_1_124' title='bbox 1083 1573 1133 1615; x_wconf 90' lang='lat' dir='ltr'><strong>res</strong></span> <span class='ocrx_word' id='word_1_125' title='bbox 1147 1569 1174 1610; x_wconf 82' lang='lat' dir='ltr'><strong>ro</strong></span> 
     </span>
     <span class='ocr_line' id='line_1_17' title="bbox 118 1641 1135 1724; baseline 0.001 -22"><span class='ocrx_word' id='word_1_126' title='bbox 118 1641 220 1720; x_wconf 88' lang='lat' dir='ltr'><strong>habet,</strong></span> <span class='ocrx_word' id='word_1_127' title='bbox 246 1653 281 1703; x_wconf 92' lang='lat' dir='ltr'><strong>ut</strong></span> <span class='ocrx_word' id='word_1_128' title='bbox 303 1642 479 1721; x_wconf 86' lang='lat' dir='ltr'><strong>plerumque</strong></span> <span class='ocrx_word' id='word_1_129' title='bbox 504 1644 589 1703; x_wconf 89' lang='lat' dir='ltr'><strong>cuius</strong></span> <span class='ocrx_word' id='word_1_130' title='bbox 613 1642 763 1702; x_wconf 82' lang='lat' dir='ltr'><strong>fortunam</strong></span> <span class='ocrx_word' id='word_1_131' title='bbox 785 1651 954 1720; x_wconf 75' lang='lat' dir='ltr'><strong>mtutaurus</strong></span> <span class='ocrx_word' id='word_1_132' title='bbox 984 1650 1029 1716; x_wconf 63' lang='lat' dir='ltr'><strong>fill</strong></span> <span class='ocrx_word' id='word_1_133' title='bbox 1050 1643 1135 1724; x_wconf 63' lang='lat' dir='ltr'><strong>dseu</strong></span> 
     </span>
     <span class='ocr_line' id='line_1_18' title="bbox 119 1690 1135 1813; baseline 0.002 -23"><span class='ocrx_word' id='word_1_134' title='bbox 119 1690 241 1790; x_wconf 70' lang='lat' dir='ltr'><strong>consilia</strong></span> <span class='ocrx_word' id='word_1_135' title='bbox 268 1739 440 1809; x_wconf 90' lang='lat' dir='ltr'><strong>corrumpat</strong></span> <span class='ocrx_word' id='word_1_136' title='bbox 467 1732 650 1812; x_wconf 84' lang='lat' dir='ltr'><strong>efficiatque,</strong></span> <span class='ocrx_word' id='word_1_137' title='bbox 676 1731 755 1808; x_wconf 90' lang='lat' dir='ltr'><strong>quod</strong></span> <span class='ocrx_word' id='word_1_138' title='bbox 779 1733 979 1791; x_wconf 91' lang='lat' dir='ltr'><strong>miserrimum</strong></span> <span class='ocrx_word' id='word_1_139' title='bbox 1003 1738 1062 1812; x_wconf 91' lang='lat' dir='ltr'><strong>est,</strong></span> <span class='ocrx_word' id='word_1_140' title='bbox 1090 1740 1135 1813; x_wconf 92' lang='lat' dir='ltr'><strong>ut,</strong></span> 
     </span>
     <span class='ocr_line' id='line_1_19' title="bbox 119 1818 1135 1899; baseline 0.001 -21"><span class='ocrx_word' id='word_1_141' title='bbox 119 1819 199 1898; x_wconf 89' lang='lat' dir='ltr'><strong>quod</strong></span> <span class='ocrx_word' id='word_1_142' title='bbox 222 1819 342 1899; x_wconf 88' lang='lat' dir='ltr'><strong>accidit,</strong></span> <span class='ocrx_word' id='word_1_143' title='bbox 370 1821 458 1880; x_wconf 89' lang='lat' dir='ltr'><strong>etiam</strong></span> <span class='ocrx_word' id='word_1_144' title='bbox 482 1821 588 1880; x_wconf 88' lang='lat' dir='ltr'><strong>merito</strong></span> <span class='ocrx_word' id='word_1_145' title='bbox 612 1818 753 1879; x_wconf 88' lang='lat' dir='ltr'><strong>accidisse</strong></span> <span class='ocrx_word' id='word_1_146' title='bbox 777 1819 912 1880; x_wconf 88' lang='lat' dir='ltr'><strong>videatur</strong></span> <span class='ocrx_word' id='word_1_147' title='bbox 939 1827 970 1879; x_wconf 87' lang='lat' dir='ltr'><strong>ct</strong></span> <span class='ocrx_word' id='word_1_148' title='bbox 993 1837 1079 1880; x_wconf 90' lang='lat' dir='ltr'><strong>casus</strong></span> <span class='ocrx_word' id='word_1_149' title='bbox 1102 1821 1135 1879; x_wconf 92' lang='lat' dir='ltr'><strong>in</strong></span> 
     </span>
     <span class='ocr_line' id='line_1_20' title="bbox 119 1908 1135 1987; baseline 0.001 -20"><span class='ocrx_word' id='word_1_150' title='bbox 119 1908 270 1985; x_wconf 89' lang='lat' dir='ltr'><strong>eulpamt</strong></span> <span class='ocrx_word' id='word_1_151' title='bbox 258 1915 397 1968; x_wconf 83' lang='lat' dir='ltr'><strong>transeat.</strong></span> <span class='ocrx_word' id='word_1_152' title='bbox 443 1916 531 1986; x_wconf 83' lang='lat' dir='ltr'><strong>negat</strong></span> <span class='ocrx_word' id='word_1_153' title='bbox 552 1910 653 1985; x_wconf 86' lang='lat' dir='ltr'><strong>itaque</strong></span> <span class='ocrx_word' id='word_1_154' title='bbox 681 1925 713 1966; x_wconf 91' lang='lat' dir='ltr'><strong>se</strong></span> <span class='ocrx_word' id='word_1_155' title='bbox 737 1908 860 1968; x_wconf 91' lang='lat' dir='ltr'><strong>credere</strong></span> <span class='ocrx_word' id='word_1_156' title='bbox 888 1910 1078 1987; x_wconf 87' lang='lat' dir='ltr'><strong>speciemque</strong></span> <span class='ocrx_word' id='word_1_157' title='bbox 1102 1910 1135 1968; x_wconf 89' lang='lat' dir='ltr'><strong>in</strong></span> 
     </span>
     <span class='ocr_line' id='line_1_21' title="bbox 119 1995 1176 2075; baseline -0.003 -21"><span class='ocrx_word' id='word_1_158' title='bbox 119 2014 151 2055; x_wconf 92' lang='lat' dir='ltr'><strong>se</strong></span> <span class='ocrx_word' id='word_1_159' title='bbox 174 1995 396 2056; x_wconf 90' lang='lat' dir='ltr'><strong>benevolentiae</strong></span> <span class='ocrx_word' id='word_1_160' title='bbox 420 2014 456 2055; x_wconf 81' lang='lat' dir='ltr'><strong>ex</strong></span> <span class='ocrx_word' id='word_1_161' title='bbox 479 1998 585 2056; x_wconf 91' lang='lat' dir='ltr'><strong>merito</strong></span> <span class='ocrx_word' id='word_1_162' title='bbox 609 1997 764 2056; x_wconf 88' lang='lat' dir='ltr'><strong>aestimare</strong></span> <span class='ocrx_word' id='word_1_163' title='bbox 787 1996 953 2075; x_wconf 84' lang='lat' dir='ltr'><strong>profitetur.</strong></span> <span class='ocrx_word' id='word_1_164' title='bbox 990 2013 1045 2056; x_wconf 89' lang='lat' dir='ltr'><strong>neo</strong></span> <span class='ocrx_word' id='word_1_165' title='bbox 1069 1996 1134 2056; x_wconf 93' lang='lat' dir='ltr'><strong>diu·</strong></span> <span class='ocrx_word' id='word_1_166' title='bbox 1148 2011 1176 2051; x_wconf 79' lang='lat' dir='ltr'><strong>ao</strong></span> 
     </span>
     <span class='ocr_line' id='line_1_22' title="bbox 119 2083 988 2162; baseline 0.002 -20"><span class='ocrx_word' id='word_1_167' title='bbox 119 2086 184 2143; x_wconf 88' lang='lat' dir='ltr'><strong>tius</strong></span> <span class='ocrx_word' id='word_1_168' title='bbox 201 2089 269 2162; x_wconf 91' lang='lat' dir='ltr'><strong>post</strong></span> <span class='ocrx_word' id='word_1_169' title='bbox 291 2085 422 2162; x_wconf 90' lang='lat' dir='ltr'><strong>primum</strong></span> <span class='ocrx_word' id='word_1_170' title='bbox 443 2085 573 2144; x_wconf 91' lang='lat' dir='ltr'><strong>indicem</strong></span> <span class='ocrx_word' id='word_1_171' title='bbox 596 2083 727 2144; x_wconf 88' lang='lat' dir='ltr'><strong>secundo</strong></span> <span class='ocrx_word' id='word_1_172' title='bbox 750 2085 873 2145; x_wconf 89' lang='lat' dir='ltr'><strong>relictus</strong></span> <span class='ocrx_word' id='word_1_173' title='bbox 896 2084 988 2145; x_wconf 88' lang='lat' dir='ltr'><strong>locus</strong></span> 
     </span>
    </p>

    <p class='ocr_par' dir='ltr' id='par_1_5' title="bbox 81 2168 1134 2429">
     <span class='ocr_line' id='line_1_23' title="bbox 81 2168 1134 2253; baseline 0.002 -22"><span class='ocrx_word' id='word_1_174' title='bbox 81 2191 94 2239; x_wconf 91' lang='lat'>1</span> <span class='ocrx_word' id='word_1_175' title='bbox 210 2168 282 2232; x_wconf 84' lang='lat'>119.</span> <span class='ocrx_word' id='word_1_176' title='bbox 328 2171 471 2232; x_wconf 89' lang='lat' dir='ltr'><strong>Ordinem</strong></span> <span class='ocrx_word' id='word_1_177' title='bbox 503 2175 704 2232; x_wconf 90' lang='lat' dir='ltr'><strong>atrocissimae</strong></span> <span class='ocrx_word' id='word_1_178' title='bbox 736 2173 933 2253; x_wconf 83' lang='lat' dir='ltr'><strong>calamitatis,</strong></span> <span class='ocrx_word' id='word_1_179' title='bbox 960 2190 1017 2250; x_wconf 89' lang='lat' dir='ltr'><strong>qua</strong></span> <span class='ocrx_word' id='word_1_180' title='bbox 1054 2172 1134 2233; x_wconf 92' lang='lat' dir='ltr'><strong>nulla</strong></span> 
     </span>
     <span class='ocr_line' id='line_1_24' title="bbox 119 2258 1134 2340; baseline 0.001 -21"><span class='ocrx_word' id='word_1_181' title='bbox 119 2266 187 2338; x_wconf 92' lang='lat' dir='ltr'><strong>post</strong></span> <span class='ocrx_word' id='word_1_182' title='bbox 210 2258 309 2319; x_wconf 78' lang='lat' dir='ltr'><strong>Crassi</strong></span> <span class='ocrx_word' id='word_1_183' title='bbox 330 2263 361 2320; x_wconf 96' lang='lat' dir='ltr'><strong>in</strong></span> <span class='ocrx_word' id='word_1_184' title='bbox 384 2259 501 2320; x_wconf 88' lang='lat' dir='ltr'><strong>Parthis</strong></span> <span class='ocrx_word' id='word_1_185' title='bbox 524 2260 664 2321; x_wconf 89' lang='lat' dir='ltr'><strong>damnum</strong></span> <span class='ocrx_word' id='word_1_186' title='bbox 691 2263 723 2321; x_wconf 93' lang='lat' dir='ltr'><strong>in</strong></span> <span class='ocrx_word' id='word_1_187' title='bbox 748 2263 878 2321; x_wconf 88' lang='lat' dir='ltr'><strong>externis</strong></span> <span class='ocrx_word' id='word_1_188' title='bbox 907 2260 1045 2339; x_wconf 84' lang='lat' dir='ltr'><strong>gentibus</strong></span> <span class='ocrx_word' id='word_1_189' title='bbox 1068 2279 1134 2340; x_wconf 84' lang='lat' dir='ltr'><strong>gra-</strong></span> 
     </span>
     <span class='ocr_line' id='line_1_25' title="bbox 119 2347 1134 2429; baseline 0.002 -23"><span class='ocrx_word' id='word_1_190' title='bbox 119 2350 183 2407; x_wconf 89' lang='lat' dir='ltr'><strong>vior</strong></span> <span class='ocrx_word' id='word_1_191' title='bbox 215 2347 355 2408; x_wconf 87' lang='lat' dir='ltr'><strong>Romanis</strong></span> <span class='ocrx_word' id='word_1_192' title='bbox 385 2349 454 2427; x_wconf 86' lang='lat' dir='ltr'><strong>luit,</strong></span> <span class='ocrx_word' id='word_1_193' title='bbox 486 2351 573 2409; x_wconf 91' lang='lat' dir='ltr'><strong>iustis</strong></span> <span class='ocrx_word' id='word_1_194' title='bbox 604 2348 804 2410; x_wconf 86' lang='lat' dir='ltr'><strong>voluminibus</strong></span> <span class='ocrx_word' id='word_1_195' title='bbox 836 2357 871 2410; x_wconf 90' lang='lat' dir='ltr'><strong>ut</strong></span> <span class='ocrx_word' id='word_1_196' title='bbox 903 2349 964 2429; x_wconf 91' lang='lat' dir='ltr'><strong>alii,</strong></span> <span class='ocrx_word' id='word_1_197' title='bbox 1000 2351 1041 2410; x_wconf 94' lang='lat' dir='ltr'><strong>ita</strong></span> <span class='ocrx_word' id='word_1_198' title='bbox 1078 2367 1134 2409; x_wconf 92' lang='lat' dir='ltr'><strong>nos</strong></span> 
     </span>
    </p>

    <p class='ocr_par' dir='ltr' id='par_1_6' title="bbox 81 2432 1177 2515">
     <span class='ocr_line' id='line_1_26' title="bbox 81 2432 1177 2515; baseline -0.004 -19"><span class='ocrx_word' id='word_1_199' title='bbox 81 2457 96 2505; x_wconf 80' lang='lat'>2</span> <span class='ocrx_word' id='word_1_200' title='bbox 120 2435 294 2496; x_wconf 89' lang='lat' dir='ltr'><strong>conabimur</strong></span> <span class='ocrx_word' id='word_1_201' title='bbox 317 2454 478 2515; x_wconf 84' lang='lat' dir='ltr'><strong>exponere:</strong></span> <span class='ocrx_word' id='word_1_202' title='bbox 501 2432 581 2496; x_wconf 78' lang='lat' dir='ltr'><strong>nune</strong></span> <span class='ocrx_word' id='word_1_203' title='bbox 605 2434 719 2497; x_wconf 83' lang='lat' dir='ltr'><strong>summa</strong></span> <span class='ocrx_word' id='word_1_204' title='bbox 742 2437 876 2497; x_wconf 86' lang='lat' dir='ltr'><strong>deflenda</strong></span> <span class='ocrx_word' id='word_1_205' title='bbox 900 2446 953 2497; x_wconf 90' lang='lat' dir='ltr'><strong>est.</strong></span> <span class='ocrx_word' id='word_1_206' title='bbox 984 2439 1134 2498; x_wconf 83' lang='lat' dir='ltr'><strong>exereitus</strong></span> <span class='ocrx_word' id='word_1_207' title='bbox 1149 2452 1177 2493; x_wconf 82' lang='lat' dir='ltr'><strong>as</strong></span> 
     </span>
    </p>
   </div>
   <div class='ocr_carea' id='block_1_4' title="bbox 121 2640 1140 3347">
    <p class='ocr_par' dir='ltr' id='par_1_7' title="bbox 121 2640 1140 3347">
     <span class='ocr_line' id='line_1_27' title="bbox 192 2640 1134 2711; baseline 0.002 -17"><span class='ocrx_word' id='word_1_208' title='bbox 192 2640 369 2694; x_wconf 82' lang='lat' dir='ltr'><strong>6Romanae</strong></span> <span class='ocrx_word' id='word_1_209' title='bbox 392 2640 476 2694; x_wconf 85' lang='lat' dir='ltr'><strong>decus</strong></span> <span class='ocrx_word' id='word_1_210' title='bbox 497 2640 638 2695; x_wconf 80' lang='lat' dir='ltr'><strong>Burman:</strong></span> <span class='ocrx_word' id='word_1_211' title='bbox 661 2642 768 2695; x_wconf 83' lang='lat' dir='ltr'><strong>Romae</strong></span> <span class='ocrx_word' id='word_1_212' title='bbox 791 2641 851 2696; x_wconf 89' lang='lat' dir='ltr'><strong>eius</strong></span> <span class='ocrx_word' id='word_1_213' title='bbox 875 2641 927 2709; x_wconf 83' lang='lat' dir='ltr'><strong>(ius</strong></span> <span class='ocrx_word' id='word_1_214' title='bbox 947 2642 985 2711; x_wconf 92' lang='lat' dir='ltr'><strong>P)</strong></span> <span class='ocrx_word' id='word_1_215' title='bbox 1009 2642 1074 2709; x_wconf 84' lang='lat' dir='ltr'><strong>AP,</strong></span> <span class='ocrx_word' id='word_1_216' title='bbox 1099 2644 1134 2709; x_wconf 80' lang='lat' dir='ltr'><strong>cs.</strong></span> 
     </span>
     <span class='ocr_line' id='line_1_28' title="bbox 122 2710 1138 2780; baseline 0.002 -16"><span class='ocrx_word' id='word_1_217' title='bbox 122 2711 264 2779; x_wconf 68' lang='lat' dir='ltr'><strong>Medeon</strong></span> <span class='ocrx_word' id='word_1_218' title='bbox 282 2710 353 2766; x_wconf 82' lang='lat' dir='ltr'><strong>Ado.</strong></span> <span class='ocrx_word' id='word_1_219' title='bbox 371 2710 410 2778; x_wconf 90' lang='grc' dir='ltr'><strong>ΙΙ,</strong></span> <span class='ocrx_word' id='word_1_220' title='bbox 429 2716 480 2765; x_wconf 84' lang='grc'><strong>311</strong></span> <span class='ocrx_word' id='word_1_221' title='bbox 507 2713 511 2779; x_wconf 87' lang='grc' dir='ltr'>Ι</span> <span class='ocrx_word' id='word_1_222' title='bbox 536 2713 702 2767; x_wconf 86' lang='lat' dir='ltr'><strong>consecutus</strong></span> <span class='ocrx_word' id='word_1_223' title='bbox 720 2712 867 2766; x_wconf 77' lang='lat' dir='ltr'><strong>Heinsius:</strong></span> <span class='ocrx_word' id='word_1_224' title='bbox 887 2728 1059 2780; x_wconf 85' lang='lat' dir='ltr'><strong>consequens</strong></span> <span class='ocrx_word' id='word_1_225' title='bbox 1078 2714 1138 2766; x_wconf 84' lang='grc' dir='ltr'><strong>ΑΡ</strong></span> 
     </span>
     <span class='ocr_line' id='line_1_29' title="bbox 121 2783 1134 2850; baseline 0.003 -15"><span class='ocrx_word' id='word_1_226' title='bbox 121 2783 311 2850; x_wconf 81' lang='lat' dir='ltr'><strong>(depravatum</strong></span> <span class='ocrx_word' id='word_1_227' title='bbox 333 2796 366 2834; x_wconf 82' lang='lat' dir='ltr'><strong>aar</strong></span> <span class='ocrx_word' id='word_1_228' title='bbox 383 2783 534 2849; x_wconf 76' lang='lat' dir='ltr'><strong>scripturo</strong></span> <span class='ocrx_word' id='word_1_229' title='bbox 541 2784 719 2850; x_wconf 86' lang='lat' dir='ltr'><strong>eonsequtns)</strong></span> <span class='ocrx_word' id='word_1_230' title='bbox 809 2789 825 2836; x_wconf 88' lang='grc'><strong>9</strong></span> <span class='ocrx_word' id='word_1_231' title='bbox 845 2783 1009 2837; x_wconf 80' lang='lat' dir='ltr'><strong>securitates</strong></span> <span class='ocrx_word' id='word_1_232' title='bbox 1034 2783 1094 2850; x_wconf 90' lang='lat' dir='ltr'><strong>(tis</strong></span> <span class='ocrx_word' id='word_1_233' title='bbox 1112 2800 1134 2838; x_wconf 80' lang='lat' dir='ltr'><strong>e</strong></span> 
     </span>
     <span class='ocr_line' id='line_1_30' title="bbox 121 2851 1100 2922; baseline 0.004 -18"><span class='ocrx_word' id='word_1_234' title='bbox 121 2854 151 2919; x_wconf 92' lang='lat' dir='ltr'><strong>l)</strong></span> <span class='ocrx_word' id='word_1_235' title='bbox 170 2851 197 2904; x_wconf 87' lang='lat' dir='ltr'><strong><em>A</em></strong></span> <span class='ocrx_word' id='word_1_236' title='bbox 270 2856 304 2905; x_wconf 89' lang='lat'><strong>10</strong></span> <span class='ocrx_word' id='word_1_237' title='bbox 322 2851 456 2906; x_wconf 85' lang='lat' dir='ltr'><strong>societate</strong></span> <span class='ocrx_word' id='word_1_238' title='bbox 476 2852 576 2907; x_wconf 87' lang='lat' dir='ltr'><strong>consili</strong></span> <span class='ocrx_word' id='word_1_239' title='bbox 593 2853 737 2922; x_wconf 81' lang='lat' dir='ltr'><strong>proecepit</strong></span> <span class='ocrx_word' id='word_1_240' title='bbox 754 2853 813 2906; x_wconf 83' lang='grc' dir='ltr'><strong>ΑΡ</strong></span> <span class='ocrx_word' id='word_1_241' title='bbox 829 2853 954 2922; x_wconf 86' lang='lat' dir='ltr'><strong>(recipit¹</strong></span> <span class='ocrx_word' id='word_1_242' title='bbox 951 2852 1100 2920; x_wconf 75' lang='lat' dir='ltr'><strong>Gelenius)</strong></span> 
     </span>
     <span class='ocr_line' id='line_1_31' title="bbox 123 2922 1135 2995; baseline 0.001 -19"><span class='ocrx_word' id='word_1_243' title='bbox 123 2928 154 2976; x_wconf 91' lang='lat'><strong>11</strong></span> <span class='ocrx_word' id='word_1_244' title='bbox 175 2922 259 2976; x_wconf 87' lang='lat' dir='ltr'><strong>docet</strong></span> <span class='ocrx_word' id='word_1_245' title='bbox 276 2923 411 2978; x_wconf 69' lang='lat' dir='ltr'><strong>Hermen</strong></span> <span class='ocrx_word' id='word_1_246' title='bbox 501 2929 535 2977; x_wconf 84' lang='lat'><strong>14</strong></span> <span class='ocrx_word' id='word_1_247' title='bbox 553 2923 703 2978; x_wconf 73' lang='lat' dir='ltr'><strong>obstabant</strong></span> <span class='ocrx_word' id='word_1_248' title='bbox 721 2923 848 2992; x_wconf 72' lang='lat' dir='ltr'><strong>Iapetus·</strong></span> <span class='ocrx_word' id='word_1_249' title='bbox 871 2923 1035 2992; x_wconf 75' lang='lat' dir='ltr'><strong>postulabat</strong></span> <span class='ocrx_word' id='word_1_250' title='bbox 1052 2923 1135 3005; x_wconf 72' lang='lat' dir='ltr'><strong>APt</strong></span> 
     </span>
     <span class='ocr_line' id='line_1_32' title="bbox 122 2992 1139 3062; baseline 0 -14"><span class='ocrx_word' id='word_1_251' title='bbox 122 2993 208 3048; x_wconf 86' lang='lat' dir='ltr'><strong>etiem</strong></span> <span class='ocrx_word' id='word_1_252' title='bbox 225 2992 287 3047; x_wconf 82' lang='lat' dir='ltr'><strong>feta</strong></span> <span class='ocrx_word' id='word_1_253' title='bbox 300 2992 358 3046; x_wconf 80' lang='grc' dir='ltr'><strong>ΛΡ</strong></span> <span class='ocrx_word' id='word_1_254' title='bbox 411 2998 445 3047; x_wconf 78' lang='lat'><strong>15</strong></span> <span class='ocrx_word' id='word_1_255' title='bbox 458 2995 666 3062; x_wconf 83' lang='lat' dir='ltr'><strong>praestruxerat</strong></span> <span class='ocrx_word' id='word_1_256' title='bbox 679 2994 744 3060; x_wconf 82' lang='grc' dir='ltr'><strong>ΑΡ,</strong></span> <span class='ocrx_word' id='word_1_257' title='bbox 763 3011 810 3049; x_wconf 83' lang='lat' dir='ltr'><strong>em</strong></span> <span class='ocrx_word' id='word_1_258' title='bbox 826 2994 954 3049; x_wconf 80' lang='lat' dir='ltr'><strong>Gelenius</strong></span> <span class='ocrx_word' id='word_1_259' title='bbox 1009 3001 1042 3048; x_wconf 85' lang='grc'><strong>16</strong></span> <span class='ocrx_word' id='word_1_260' title='bbox 1057 2994 1139 3048; x_wconf 88' lang='lat' dir='ltr'><strong>ouius</strong></span> 
     </span>
     <span class='ocr_line' id='line_1_33' title="bbox 121 3036 1140 3134; baseline 0.001 -17"><span class='ocrx_word' id='word_1_261' title='bbox 121 3065 140 3118; x_wconf 85' lang='lat' dir='ltr'><strong>f.</strong></span> <span class='ocrx_word' id='word_1_262' title='bbox 159 3065 258 3118; x_wconf 82' lang='lat' dir='ltr'><strong>mutat</strong></span> <span class='ocrx_word' id='word_1_263' title='bbox 282 3066 326 3118; x_wconf 84' lang='lat' dir='ltr'><strong>eat</strong></span> <span class='ocrx_word' id='word_1_264' title='bbox 346 3064 386 3119; x_wconf 82' lang='lat' dir='ltr'><strong>ed.</strong></span> <span class='ocrx_word' id='word_1_265' title='bbox 405 3065 519 3133; x_wconf 79' lang='lat' dir='ltr'><strong>Bipout.</strong></span> <span class='ocrx_word' id='word_1_266' title='bbox 544 3064 593 3132; x_wconf 87' lang='lat' dir='ltr'><strong>qui</strong></span> <span class='ocrx_word' id='word_1_267' title='bbox 614 3064 633 3119; x_wconf 79' lang='lat' dir='ltr'><strong>f.</strong></span> <span class='ocrx_word' id='word_1_268' title='bbox 652 3036 810 3119; x_wconf 71' lang='lat' dir='ltr'><strong>mutaturus</strong></span> <span class='ocrx_word' id='word_1_269' title='bbox 834 3063 1003 3133; x_wconf 80' lang='lat' dir='ltr'><strong>(imitaturus</strong></span> <span class='ocrx_word' id='word_1_270' title='bbox 1023 3065 1061 3134; x_wconf 78' lang='lat' dir='ltr'><strong>A)</strong></span> <span class='ocrx_word' id='word_1_271' title='bbox 1079 3066 1140 3118; x_wconf 82' lang='grc' dir='ltr'><strong>ΑΡ</strong></span> 
     </span>
     <span class='ocr_line' id='line_1_34' title="bbox 123 3135 1137 3206; baseline 0.002 -18"><span class='ocrx_word' id='word_1_272' title='bbox 123 3136 192 3202; x_wconf 79' lang='lat' dir='ltr'><strong>(stne</strong></span> <span class='ocrx_word' id='word_1_273' title='bbox 210 3137 263 3206; x_wconf 87' lang='lat' dir='ltr'><strong>est)</strong></span> <span class='ocrx_word' id='word_1_274' title='bbox 318 3139 351 3188; x_wconf 88' lang='lat'><strong>18</strong></span> <span class='ocrx_word' id='word_1_275' title='bbox 371 3135 458 3189; x_wconf 87' lang='lat' dir='ltr'><strong>etiam</strong></span> <span class='ocrx_word' id='word_1_276' title='bbox 477 3135 516 3189; x_wconf 88' lang='lat' dir='ltr'><strong>P:</strong></span> <span class='ocrx_word' id='word_1_277' title='bbox 535 3137 564 3189; x_wconf 88' lang='lat' dir='ltr'><strong>et</strong></span> <span class='ocrx_word' id='word_1_278' title='bbox 582 3136 668 3190; x_wconf 85' lang='lat' dir='ltr'><strong>etiam</strong></span> <span class='ocrx_word' id='word_1_279' title='bbox 689 3136 765 3201; x_wconf 87' lang='lat' dir='ltr'><strong>MA,</strong></span> <span class='ocrx_word' id='word_1_280' title='bbox 783 3135 814 3189; x_wconf 91' lang='lat' dir='ltr'><strong>id</strong></span> <span class='ocrx_word' id='word_1_281' title='bbox 832 3152 855 3190; x_wconf 93' lang='lat' dir='ltr'><strong>e.</strong></span> <span class='ocrx_word' id='word_1_282' title='bbox 874 3135 968 3190; x_wconf 74' lang='lat' dir='ltr'><strong>Bauer</strong></span> <span class='ocrx_word' id='word_1_283' title='bbox 1025 3142 1058 3190; x_wconf 87' lang='grc'><strong>19</strong></span> <span class='ocrx_word' id='word_1_284' title='bbox 1078 3135 1137 3190; x_wconf 87' lang='lat' dir='ltr'><strong>cul·</strong></span> 
     </span>
     <span class='ocr_line' id='line_1_35' title="bbox 121 3205 1140 3276; baseline 0.001 -17"><span class='ocrx_word' id='word_1_285' title='bbox 121 3221 189 3275; x_wconf 80' lang='lat' dir='ltr'><strong>pem</strong></span> <span class='ocrx_word' id='word_1_286' title='bbox 209 3206 354 3274; x_wconf 54' lang='lat' dir='ltr'><strong>Preulpa</strong></span> <span class='ocrx_word' id='word_1_287' title='bbox 373 3205 437 3259; x_wconf 85' lang='lat' dir='ltr'><strong>MA</strong></span> <span class='ocrx_word' id='word_1_288' title='bbox 462 3207 466 3274; x_wconf 91' lang='grc' dir='ltr'>Ι</span> <span class='ocrx_word' id='word_1_289' title='bbox 491 3205 668 3275; x_wconf 84' lang='lat' dir='ltr'><strong>speciemque</strong></span> <span class='ocrx_word' id='word_1_290' title='bbox 686 3207 827 3261; x_wconf 69' lang='lat' dir='ltr'><strong>Bronton:</strong></span> <span class='ocrx_word' id='word_1_291' title='bbox 852 3221 985 3276; x_wconf 88' lang='lat' dir='ltr'><strong>spemque</strong></span> <span class='ocrx_word' id='word_1_292' title='bbox 1008 3207 1067 3260; x_wconf 83' lang='grc' dir='ltr'><strong>ΑΡ</strong></span> <span class='ocrx_word' id='word_1_293' title='bbox 1089 3209 1140 3275; x_wconf 79' lang='lat' dir='ltr'><strong>(est</strong></span> 
     </span>
     <span class='ocr_line' id='line_1_36' title="bbox 121 3276 1137 3347; baseline 0.002 -17"><span class='ocrx_word' id='word_1_294' title='bbox 121 3277 242 3342; x_wconf 78' lang='lat' dir='ltr'><strong>formula</strong></span> <span class='ocrx_word' id='word_1_295' title='bbox 259 3276 365 3346; x_wconf 77' lang='lat' dir='ltr'><strong>protiou</strong></span> <span class='ocrx_word' id='word_1_296' title='bbox 383 3277 500 3346; x_wconf 76' lang='lat' dir='ltr'><strong>aprutio,</strong></span> <span class='ocrx_word' id='word_1_297' title='bbox 523 3293 580 3346; x_wconf 77' lang='lat' dir='ltr'><strong>quo</strong></span> <span class='ocrx_word' id='word_1_298' title='bbox 596 3279 658 3347; x_wconf 77' lang='lat' dir='ltr'><strong>quie</strong></span> <span class='ocrx_word' id='word_1_299' title='bbox 676 3293 704 3331; x_wconf 86' lang='lat' dir='ltr'><strong>se</strong></span> <span class='ocrx_word' id='word_1_300' title='bbox 721 3277 874 3331; x_wconf 81' lang='lat' dir='ltr'><strong>benevolam</strong></span> <span class='ocrx_word' id='word_1_301' title='bbox 891 3278 993 3331; x_wconf 76' lang='lat' dir='ltr'><strong>iudicis</strong></span> <span class='ocrx_word' id='word_1_302' title='bbox 1010 3278 1137 3332; x_wconf 71' lang='lat' dir='ltr'><strong>volomta-</strong></span> 
     </span>
    </p>
   </div>
   <div class='ocr_carea' id='block_1_5' title="bbox 122 3347 1137 3471">
    <p class='ocr_par' dir='ltr' id='par_1_8' title="bbox 122 3347 1137 3471">
     <span class='ocr_line' id='line_1_37' title="bbox 122 3347 1137 3471; baseline 0 -70"><span class='ocrx_word' id='word_1_303' title='bbox 122 3352 334 3471; x_wconf 52' lang='lat' dir='ltr'><strong>tCenropflndojoere</strong></span> <span class='ocrx_word' id='word_1_304' title='bbox 350 3348 465 3416; x_wconf 75' lang='lat' dir='ltr'><strong>futctm)</strong></span> <span class='ocrx_word' id='word_1_305' title='bbox 537 3353 572 3402; x_wconf 82' lang='lat'><strong>20</strong></span> <span class='ocrx_word' id='word_1_306' title='bbox 589 3347 788 3402; x_wconf 83' lang='lat' dir='ltr'><strong>beneuolentia</strong></span> <span class='ocrx_word' id='word_1_307' title='bbox 805 3348 865 3402; x_wconf 83' lang='grc' dir='ltr'><strong>ΑΡ</strong></span> <span class='ocrx_word' id='word_1_308' title='bbox 930 3353 963 3402; x_wconf 78' lang='lat'><strong>23</strong></span> <span class='ocrx_word' id='word_1_309' title='bbox 984 3347 1078 3404; x_wconf 82' lang='lat' dir='ltr'><strong>Croesi</strong></span> <span class='ocrx_word' id='word_1_310' title='bbox 1097 3348 1137 3402; x_wconf 87' lang='lat' dir='ltr'><strong>P:</strong></span> 
     </span>
     <span class='ocr_line' id='line_1_38' title="bbox 145 3434 201 3471; baseline -0.018 0"><span class='ocrx_word' id='word_1_311' title='bbox 145 3434 201 3471; x_wconf 84' lang='lat' dir='ltr'><strong>asar</strong></span> 
     </span>
    </p>
   </div>
   <div class='ocr_carea' id='block_1_6' title="bbox 886 3538 910 3583">
    <p class='ocr_par' dir='ltr' id='par_1_9' title="bbox 886 3538 910 3583">
     <span class='ocr_line' id='line_1_39' title="bbox 886 3538 910 3583; baseline 0 0"><span class='ocrx_word' id='word_1_312' title='bbox 886 3538 910 3583; x_wconf 74' lang='lat' dir='ltr'><em>ae</em></span> 
     </span>
    </p>
   </div>
   <div class='ocr_carea' id='block_1_7' title="bbox 0 0 1228 3848">
    <p class='ocr_par' dir='ltr' id='par_1_10' title="bbox 0 0 1228 3848">
     <span class='ocr_line' id='line_1_40' title="bbox 0 0 1228 3848; baseline 0 0"><span class='ocrx_word' id='word_1_313' title='bbox 0 0 1228 3848; x_wconf 95' lang='lat' dir='ltr'><strong> </strong></span> 
     </span>
    </p>
   </div>
  </div>
 </body>
</html>
