2422 3848
111 177 154 240 84
330 140 333 144 “
604 176 631 230 11

68 351 215 439 gnarum
238 361 325 404 casus
348 344 420 403 satis
446 344 548 402 mirari
571 338 682 420 queat?
728 343 794 420 quis
820 359 881 402 non
903 341 1024 402 diversa
1046 360 1141 421 prae-

109 431 244 492 sentibus
272 433 480 509 contrariaque
511 432 674 509 expectatis
704 437 755 490 aut
786 438 887 509 speret
919 438 971 491 aut
1002 427 1140 493 timeat?

77 519 203 600 3Livia,
230 519 407 581 nobilissimi
437 528 467 580 ot
495 520 650 579 fortissimi
676 520 733 577 viri
761 517 851 578 Drusi
879 517 1035 579 ClaudIani
1062 519 1139 603 lilia,

108 627 231 691 genere,
254 608 416 689 probitate,
440 608 534 667 forma
549 606 749 667 Romanarum
767 609 1015 687 eminentissima,
1040 625 1139 686 quam

107 706 211 776 postea
244 699 401 776 coniugem
428 696 555 774 Augusti
585 695 725 776 vidimus,
759 714 848 773 quam
881 698 1066 774 transgressi
1097 697 1164 758 adr

109 786 180 846 deos
209 785 394 846 sacerdotem
421 803 455 844 ac
483 784 585 864 filiam,
617 791 682 844 tum
709 785 826 863 fugiens
854 801 923 844 mox
954 784 1053 844 futuri
1085 788 1138 847 sui

109 874 244 933 Caesaris
276 891 357 933 arma
388 876 488 934 minus
519 866 632 933 bimum
666 872 746 932 hunc
773 871 928 933 'liberium
956 865 1137 955 Caesarem,

108 961 256 1022 vindicem
287 961 412 1022 Romani
444 963 562 1041 imperii
600 962 794 1039 futurumque
827 961 960 1022 eiusdem
991 959 1136 1023 Caesaris

108 1050 215 1131 filium,
247 1059 367 1129 gestans
399 1052 480 1131 sinu,
513 1068 567 1129 per
599 1052 662 1109 aria
694 1051 835 1110 itinerum
867 1050 965 1110 vitatis
997 1048 1134 1111 militum

108 1139 211 1217 gladiis
249 1158 309 1199 uno
347 1141 518 1219 comitante,
561 1156 620 1217 quo
657 1138 772 1198 facilius
809 1137 1011 1198 occultaretur
1049 1138 1134 1220 fuga,
1148 1151 1171 1190 1⁰

108 1230 244 1306 pervenit
275 1227 311 1287 ad
345 1245 426 1287 mare
459 1235 489 1286 et
521 1245 590 1287 eum
618 1228 680 1286 viro
709 1226 826 1286 Nerone
853 1233 993 1305 pervecta
1021 1228 1054 1287 iu
1085 1226 1134 1288 Si·

110 1315 208 1375 ciliam
231 1322 285 1375 est.

81 1417 94 1462 1
201 1400 278 1478 764
298 1401 384 1473 Quod
417 1402 511 1463 alieno
544 1405 748 1463 testimonium
785 1403 954 1483 redderem,
992 1421 1029 1462 eo
1066 1390 1152 1477 nom'

110 1490 252 1551 fraudabo
276 1510 363 1551 avum
385 1509 493 1551 meum.
540 1492 649 1571 quippe
673 1490 704 1552 C.
728 1490 872 1573 Velleius,
895 1491 1131 1552 honoratissimo

110 1582 189 1639 inter
212 1580 278 1640 illos
302 1586 454 1641 trecentos
477 1587 508 1640 et
531 1582 682 1658 sexaginta
704 1579 818 1640 iudices
841 1579 907 1640 loeo
931 1598 948 1640 a
971 1578 1024 1639 Cn.
1039 1579 1166 1641 Pom-1⁵

111 1671 179 1747 peio
203 1668 312 1749 lectus,
337 1669 470 1728 eiusdem
493 1668 643 1746 Marcique
667 1668 753 1729 Bruti
776 1687 809 1728 ac
833 1668 877 1728 Ti.
892 1668 1033 1733 Neronis.
1042 1686 1131 1748 prae

110 1759 207 1817 lectus
235 1756 366 1838 labrum,
394 1759 440 1816 vir
467 1756 541 1816 nulli
564 1756 728 1838 secundus,
751 1759 783 1817 in
806 1755 964 1836 Campania
987 1755 1129 1835 digressu

110 1845 238 1905 Neronis
253 1865 269 1906 a
282 1844 419 1926 Neapoli,
442 1847 528 1905 cuius
551 1843 590 1904 ob
614 1845 794 1924 singularem
817 1863 886 1906 eum
909 1863 944 1905 eo
965 1847 1130 1906 amicitiam

109 1936 241 2012 partium
264 1933 382 1994 adiutor
404 1933 514 2014 luerat,
537 1935 635 2012 gravis
657 1936 716 1992 iam
739 1941 833 1994 aetate
857 1941 888 1994 et
906 1951 1032 2012 corpore
1057 1950 1130 1995 cum

78 2034 209 2082 ueomes
233 2039 299 2082 esse
323 2039 383 2082 non
405 2030 520 2102 posset,
544 2021 639 2100 gladio
664 2040 696 2082 se
719 2025 783 2101 ipse
806 2022 962 2082 transfixit.
999 2022 1165 2083 'immola-2⁰

109 2119 170 2170 tam
197 2110 341 2170 excedere
369 2109 451 2170 ltalia
475 2109 583 2170 Caesar
609 2128 715 2189 passus
747 2118 793 2171 est
813 2109 946 2171 Fulviam
968 2109 1128 2171 Plancum·

78 2201 82 2207 '
110 2217 181 2279 que,
210 2198 364 2259 muliebris
391 2199 477 2277 lugac
506 2201 659 2259 comitem:
695 2216 764 2258 nam
791 2198 884 2258 Pollio
908 2198 1028 2258 Asinius
1057 2217 1130 2260 eum

110 2294 224 2366 septem
247 2286 427 2368 legionibus,
451 2287 503 2347 diu
526 2294 643 2346 retenta
656 2288 688 2346 iu
701 2294 847 2365 potestate
863 2286 983 2347 Antonii
992 2284 1129 2369 Venetia,

109 2379 223 2455 magnis
246 2378 450 2455 speciosisque
473 2374 564 2435 rebus
587 2377 666 2434 eirea
682 2375 814 2436 Altinum
836 2375 967 2453 aliasque
990 2376 1057 2436 eius
1080 2394 1130 2437 re-

109 2467 205 2543 gionis
233 2463 325 2524 urbes
348 2463 449 2543 editis,
476 2462 639 2522 Antonium
664 2471 782 2544 petens,
811 2481 916 2541 vagum
944 2462 1042 2523 adhuc
1069 2463 1165 2523 Ilo-2⁵

111 2555 240 2633 mitium,
264 2570 354 2630 quem
377 2551 545 2629 digressum
567 2569 584 2611 e
607 2550 758 2612 Brutianis
781 2554 886 2612 castris
912 2558 980 2630 post
1003 2552 1129 2612 caedem

112 2643 176 2701 cius
199 2640 401 2719 praediximus
425 2647 455 2698 et
482 2642 619 2719 propriae
644 2639 745 2700 elassis
769 2640 879 2700 facturn
907 2639 1027 2720 ducem,
1057 2658 1130 2701 con-

80 2729 186 2789 3siliis
210 2730 272 2787 suis
296 2727 438 2787 inlectum
461 2746 495 2787 ae
518 2729 575 2788 fide
590 2728 657 2788 data
670 2730 767 2788 iunxit
780 2728 920 2788 Antonio:
953 2746 1012 2806 quo
1037 2727 1127 2810 laeto,

111 2818 247 2895 quisquis
271 2833 398 2894 aequum
413 2834 445 2875 se
465 2819 662 2897 praestiterit,
686 2819 759 2876 sciat
774 2834 833 2876 non
848 2817 946 2876 minus
961 2834 977 2875 a
990 2815 1127 2877 Pollione

111 2907 141 2965 in
157 2905 318 2965 Antonium
342 2923 429 2984 quam
453 2904 489 2964 ab
503 2906 631 2965 Antonio
654 2907 686 2964 in
699 2903 863 2965 Pollionem
877 2922 943 2965 esse
965 2903 1127 2966 conlatum.
1140 2916 1165 2959 ao

182 3099 197 3146 2
217 3094 371 3163 expectatis
389 3094 426 3160 A,
444 3094 491 3148 sed
508 3107 529 3147 s.
548 3093 566 3146 l.
586 3093 736 3161 expectans
827 3098 844 3146 3
864 3090 1003 3146 Calidiani
1021 3092 1127 3160 MAP,

109 3181 157 3219 eno.
176 3164 269 3219 Boreo
367 3164 493 3219 dminus
513 3162 637 3217 Vossius:
654 3180 708 3216 nus
728 3161 800 3230 MP,
819 3179 870 3217 om.
889 3163 917 3216 A
933 3165 937 3232 l
953 3162 1080 3217 Tiberim
1095 3162 1127 3219 A

165 3241 197 3289 13
217 3252 250 3290 eo
270 3235 411 3290 Gelenius:
430 3250 494 3288 meo
512 3233 548 3302 A,
567 3233 597 3286 in
615 3249 648 3287 eo
669 3232 698 3284 P
768 3238 801 3287 16
820 3232 862 3288 Ti.
880 3233 1000 3288 Neronis
1017 3234 1127 3289 Aldeet

111 3305 220 3360 Tironis
238 3306 279 3374 A,
303 3305 422 3375 Tyronis
442 3305 471 3357 P
577 3309 610 3357 19
634 3321 698 3358 eum
716 3320 809 3358 comes
834 3304 936 3359 Aldus:
966 3320 1061 3360 comes
1080 3305 1127 3372 M,

111 3392 175 3428 eum
192 3377 252 3429 AP
322 3382 356 3430 21
375 3377 419 3430 est
437 3375 500 3430 add.
521 3373 638 3430 Clodius
714 3380 747 3429 27
766 3390 886 3444 propree
907 3375 946 3428 M
1016 3379 1050 3428 28
1069 3375 1127 3431 ele-

110 3447 187 3500 ctum
204 3447 271 3514 AP,
289 3463 337 3500 em.
357 3445 485 3501 Gelenius
