2422 3848
532 193 554 230 0.
576 140 696 233 rs-ho.
1080 165 1124 244 3³5
1153 245 1155 248 v

108 333 295 404 consulatum
318 361 487 422 annumque
511 345 764 422 septuagesimum
780 343 878 404 nudus
893 362 926 403 ac
949 344 1019 404 limo
1033 344 1124 420 obru-

107 440 169 513 tus,
192 433 287 493 0011110
309 432 514 492 tantummodo
538 450 572 491 ac
596 430 718 491 naribus
737 431 950 514 eminentibus,
973 440 1124 495 extractus

106 522 283 582 arundineto
311 523 391 581 circa
421 520 561 600 paludem
590 520 729 602 Maricae,
761 523 792 580 in
825 539 914 600 quam
942 539 973 581 se
1006 523 1124 601 fugiens

105 613 304 671 consectantis
333 609 431 671 Sullae
462 612 577 689 equites
610 608 775 691 abdiderat,
806 612 918 670 iniecto
949 612 981 669 in
1014 611 1124 671 collum

78 698 168 758 01010
191 701 223 759 in
246 716 398 760 carcerem
411 697 662 759 Minturnensium
685 701 769 759 iussu
787 698 936 759 duumviri
958 699 1123 778 perductus

105 794 159 848 est.
204 788 240 848 ad
269 805 358 866 quem
385 787 625 848 interficiendum
652 789 762 847 missus
789 806 858 848 cum
888 787 984 867 gladio
1017 800 1153 849 servus3

103 875 241 954 publicus
269 878 389 935 natione
417 873 596 957 Germanus,
626 878 678 953 qui
704 876 781 936 forte
810 877 847 936 ab
877 879 1057 956 imperatore
1086 895 1121 938 eo

103 962 181 1023 bello
210 962 359 1024 Cimbrico
392 970 496 1042 captus
528 971 604 1044 erat,
637 972 670 1024 ut
698 966 817 1041 agnovit
843 963 982 1046 Marium,
1014 984 1120 1044 magno

105 1052 216 1112 eiulatu
243 1069 422 1130 expromens
449 1052 684 1130 indignationem
712 1069 799 1112 casus
827 1055 902 1113 tanti
924 1055 980 1113 viri
1006 1054 1121 1114 abiecto

63 1157 90 1196 10
104 1139 200 1218 gladio
228 1141 362 1220 profugit
390 1158 406 1199 e
429 1158 559 1201 carcere.
605 1147 670 1200 tom
692 1142 785 1221 cives,
815 1140 851 1200 ab
874 1141 961 1201 hoste
984 1145 1153 1202 misereri4

102 1229 190 1306 paulo
221 1236 287 1288 ante
321 1231 464 1308 principis
491 1230 547 1288 viri
580 1228 673 1309 docti,
704 1231 885 1290 instructum
917 1248 987 1290 eum
1014 1233 1120 1291 viatico

103 1317 277 1396 conlataque
299 1325 382 1377 veste
404 1319 436 1376 in
459 1335 565 1377 navem
580 1319 796 1396 imposuerunt.
836 1325 866 1378 at
888 1318 937 1378 ille
962 1319 1121 1381 adsecutus

103 1408 181 1465 eirca
203 1406 331 1466 insulam
353 1404 510 1466 Aenariam
537 1405 631 1466 filium
653 1423 776 1467 cursum
805 1408 836 1466 in
860 1406 989 1468 Africam
1013 1408 1122 1469 direxit

101 1496 279 1573 inopemque
312 1497 402 1554 vitam
433 1497 464 1554 in
496 1496 617 1573 tugurio
648 1497 803 1555 ruinarum
831 1494 1120 1575 Carthaginiensium

60 1600 87 1639 15
101 1582 250 1664 toleravit,
273 1600 342 1643 cum
365 1582 475 1642 llarius
499 1585 647 1662 aspiciens
670 1582 891 1666 Carthaginem,
921 1584 971 1644 illa
998 1588 1121 1646 intuens

100 1669 238 1752 Marium,
262 1672 337 1731 alter
359 1671 445 1731 alteri
468 1678 592 1750 possent
617 1689 683 1731 esse
707 1671 825 1732 solacio.

188 1757 240 1820 20.
285 1759 348 1819 Hoc
380 1763 511 1837 primum
543 1778 620 1820 anno
636 1833 637 1836 Ἴ
653 1763 796 1839 sanguine
829 1761 967 1820 consulis<
992 1760 1147 1822 Romanil

100 1848 201 1908 militis
224 1847 355 1908 imbutae
379 1867 484 1909 manus
508 1855 590 1928 sunt3
614 1850 724 1927 quippe
748 1848 782 1919 Q.
805 1849 979 1929 Pompeium,
1003 1849 1117 1929 collega

101 1936 212 2017 Sullae,
236 1935 271 1996 ab
296 1939 429 1997 exercitu
453 1936 505 1997 Cn.
524 1937 647 2016 Pompei
669 1936 857 2016 proconsulis
880 1939 1040 2019 seditione,
1063 1938 1117 1998 sed

58 2043 86 2082 00
101 2043 190 2103 quam
227 2024 287 2085 dux
319 2033 483 2105 creaverat,
519 2025 696 2085 interfectus
729 2034 782 2086 001.
838 2045 898 2086 non
931 2035 995 2086 erat
1026 2027 1149 2088 Marion

102 2113 293 2192 Sulpicioque
327 2112 421 2172 Cinna
453 2115 654 2191 temperatior.
708 2116 809 2192 itaque
843 2133 911 2175 cum
943 2117 984 2176 ita
1016 2118 1130 2177 civitas

99 2202 200 2263 ltahae
224 2202 290 2262 data
314 2209 407 2282 esset,
436 2203 524 2262 utin
548 2209 615 2262 octo
642 2201 739 2262 trihus
763 2202 1026 2264 contribuerentur
1049 2208 1119 2264 novi

100 2294 192 2372 eires,
224 2309 262 2351 ne
294 2293 426 2369 potentia
460 2306 564 2350 eorum
597 2297 627 2350 et
658 2290 817 2350 multitudo
846 2299 993 2352 veterum
1010 2295 1118 2352 civium

99 2381 271 2459 dignitatem
295 2379 446 2458 frangeret
467 2379 595 2458 plusque
617 2387 741 2458 possent
754 2381 869 2458 recepti
885 2382 916 2439 in
939 2379 1118 2442 beneficium

58 2482 84 2522 10
100 2486 187 2546 quam
217 2475 355 2528 auctores
382 2467 532 2548 beneficii,
563 2466 657 2528 Cinna
686 2469 717 2528 in
741 2467 879 2529 omnibus
902 2468 1042 2530 tribubus
1065 2488 1117 2530 eos

99 2575 131 2617 sc
155 2555 386 2617 distributurum
407 2555 558 2636 pollicitus
581 2564 641 2617 est:
678 2574 737 2634 quo
755 2559 874 2616 nomine
898 2560 1050 2637 ingentem
1073 2566 1148 2620 to-3

171 2753 184 2798 1
205 2761 333 2813 annoque
351 2765 411 2798 cxx.
430 2745 495 2814 AP,
515 2762 562 2799 000.
578 2744 691 2799 Vossius
713 2746 867 2814 (annosque
886 2767 939 2800 cxx
959 2746 1116 2817 Puteanus)

150 2822 168 2870 4
187 2818 379 2870 consectantes
399 2815 428 2867 P
499 2820 514 2868 5
534 2819 570 2875 ᾗ,
587 2815 643 2868 uiri
660 2815 725 2884 AP,
745 2816 924 2871 duumvirum
941 2818 1058 2886 Iupsius

98 2893 113 2941 ‘1
133 2887 181 2957 ab]
201 2887 253 2941 sub
271 2887 369 2940 Burm.
455 2891 471 2939 8
490 2902 594 2955 magno
615 2887 690 2940 MA:
715 2904 779 2940 cum
797 2905 901 2958 magno
922 2889 950 2941 P
1034 2895 1050 2942 9
1070 2904 1116 2942 ex·

96 2974 226 3027 promens
241 2957 389 3011 Au'olulius
407 2961 432 3010 01
450 2957 570 3026 Madvig
585 2958 698 3012 Adaeus.
713 2957 745 3025 ll,
761 2964 827 3013 301:
847 2959 1022 3029 expromenti
1041 2959 1116 3025 MP,

96 3029 263 3098 exprimenti
281 3029 309 3081 A
418 3033 451 3080 13
470 3029 592 3082 insulam
610 3028 679 3081 Aen.
699 3029 837 3083 Luureut:
864 3030 1032 3083 Taenariam
1050 3029 1116 3098 AP,

94 3100 246 3153 Aenariam
264 3116 289 3152 o.
370 3104 404 3151 14
424 3097 686 3169 Carthaginensium
705 3101 733 3153 A
816 3106 849 3153 16
870 3099 971 3154 0010110
990 3099 1048 3152 AP

97 3175 130 3223 18
156 3172 221 3223 sunt
240 3171 316 3224 MA:
345 3186 394 3224 010.
416 3169 512 3240 Plu.
537 3171 601 3225 odd.
621 3170 756 3223 Heiusa'us
861 3177 893 3224 19
921 3170 1000 3238 Sylla
1018 3170 1119 3239 Alab

100 3240 225 3295 exercitu
250 3242 287 3293 M
292 3264 313 3294 ι,
333 3241 369 3294 ud
394 3240 439 3310 (ab
465 3242 493 3294 A
515 3257 536 3295 s.
561 3243 589 3309 l.)
615 3240 768 3294 exercitum
790 3241 871 3308 ΑΡΙ
897 3241 1026 3295 seditioni
1053 3242 1119 3311 (nis

95 3328 117 3367 s.
139 3313 169 3382 l.)
188 3311 215 3363 A
271 3317 305 3364 20
325 3311 496 3366 conflaverat
513 3312 648 3382 Kreyssc'p
664 3313 669 3379 Ι
685 3316 749 3365 oute
765 3328 823 3365 non
841 3312 936 3366 Haase
953 3314 1063 3382 siguum
1082 3315 1121 3368 lu-

94 3399 182 3436 cuuue
197 3383 295 3451 posuit
366 3389 399 3436 21
421 3382 605 3452 Sulpitioque
623 3384 651 3437 A
670 3387 695 3437 et
712 3399 807 3452 margo
827 3382 869 3452 P,
886 3383 1013 3450 sulpitio
1032 3385 1058 3434 P

94 3459 129 3507 24
147 3453 257 3522 possint
275 3453 302 3505 A

895 3539 936 3594 «ys
