2422 3848
132 168 174 233 38
627 165 653 219 ΙΙ

102 349 165 396 311
189 334 308 414 publica
330 334 470 392 meritum
493 333 631 410 spiritum
655 332 793 392 reddidit.
829 330 866 390 Μ.
885 332 1044 410 Antonius,
1067 334 1156 409 prin·

134 442 204 504 ceps
228 423 354 483 civitatis
371 428 459 498 atque
474 420 673 499 eloquentiae,
696 421 800 500 gladiis
814 419 954 500 militum,
978 437 1054 498 quos
1067 421 1156 498 ipsos

134 511 270 573 facundia
297 523 353 572 sua'
381 517 524 584 moratus
546 518 622 591 erat,
654 512 738 569 iussu
766 507 851 569 Marii
879 507 1050 586 Cinnaeque
1079 526 1156 569 con·

102 604 232 662 tlossus
256 608 309 661 est.
350 597 535 678 (11111111,
558 606 589 658 et
612 599 735 659 aliarum
757 600 902 658 virtutum
924 605 955 657 et
977 595 1048 656 belli
1072 595 1156 658 Cim·

132 691 208 750 brici
230 689 336 769 gloria,
365 704 440 764 quac
464 685 506 746 illi
529 705 598 746 cum
621 686 713 746 Mario
737 688 903 746 communis
933 686 1044 766 luerat,
1073 685 1186 747 cele-s

132 779 296 856 berrimus,
320 794 389 836 curn
413 774 448 834 ad
463 783 590 836 mortem
604 778 846 856 conquireretur,
870 774 1016 834 conclusit
1030 792 1062 833 se
1085 773 1157 835 loco

132 885 229 946 nuper
252 865 332 926 calce
357 864 526 942 harenaque
553 865 700 944 perpolito
729 864 879 941 inlataque
907 865 981 942 igni,
1012 863 1063 941 qui
1093 865 1159 925 vim

134 956 236 1015 odoris
250 956 406 1033 excitaret,
431 951 518 1012 simul
533 954 644 1015 exitiali
666 953 772 1013 hausto
788 953 908 1032 spiritu,
932 951 1020 1011 simul
1033 951 1158 1012 incluso

134 1063 188 1105 suo
216 1051 344 1103 mortem
371 1043 464 1121 magis
491 1049 559 1102 voto
588 1060 676 1121 qnam
704 1040 828 1101 arbitrio
856 1041 1045 1100 inimicorum
1068 1039 1157 1102 obiit.

104 1136 233 1194 oomnia
256 1139 340 1192 erant
362 1131 535 1209 praecipitia
563 1133 595 1191 in
622 1149 655 1190 re
683 1129 814 1210 publica,
842 1147 897 1190 nec
926 1137 1024 1195 tamen
1053 1127 1156 1190 adhuc
1170 1144 1196 1185 ro

135 1225 291 1301 quisquam
315 1218 534 1299 invenIebatur,
557 1221 609 1297 qui
631 1219 709 1279 bona
732 1220 803 1278 civis
821 1216 947 1278 Romani
969 1225 1021 1277 aut
1039 1216 1156 1279 donare

135 1310 259 1371 auderet
281 1316 332 1368 aut
354 1314 456 1386 petere
481 1309 651 1368 sustineret.
694 1314 798 1387 postea
820 1306 850 1366 id
873 1324 992 1387 quoque
1016 1309 1157 1387 accessit,

134 1407 168 1459 ut
192 1398 329 1458 saevitiae
353 1412 472 1455 causam
495 1398 616 1456 avaritia
637 1395 795 1476 praeberet
818 1402 849 1456 et
871 1395 977 1455 modus
992 1394 1099 1474 culpae
1118 1414 1155 1455 ex

133 1488 278 1567 pecuniae
302 1483 389 1544 modo
409 1486 643 1545 constitueretur
657 1493 687 1545 et
702 1487 754 1565 qui
767 1485 873 1545 fuisset
896 1483 1042 1564 locuples,
1065 1483 1156 1544 lieret

134 1579 160 1635 is
183 1592 308 1654 nocens,
332 1574 438 1651 suique
453 1574 579 1651 quisque
593 1574 719 1652 periculi
733 1592 849 1633 merces
872 1574 963 1652 soret,
987 1590 1042 1632 uec
1066 1572 1155 1649 quid·
1171 1588 1196 1629 rs

135 1683 223 1743 quarn
246 1663 397 1723 videretur
420 1670 521 1743 turpe,
545 1663 625 1741 quod
648 1671 728 1723 esset
751 1670 972 1740 quaestuosum.

105 1765 118 1813 1
224 1749 275 1813 23.
313 1750 485 1811 Secundum
508 1751 614 1812 deinde
636 1751 823 1813 consulatum
838 1750 931 1810 Cinna
945 1757 976 1809 et
990 1751 1157 1827 septimum

135 1841 245 1901 Marius
268 1843 299 1901 in
322 1842 457 1918 priorum
483 1840 613 1901 dedecus
636 1843 715 1921 iniit,
743 1841 829 1900 cuius
856 1840 940 1899 initio
968 1836 1073 1898 morbo
1100 1856 1155 1918 op·

136 1948 259 2008 pressus
287 1929 428 2009 decessit,
461 1930 506 1988 vir
533 1931 564 1989 in
595 1929 673 1990 bello
705 1927 854 2009 hostibus,
886 1929 916 1988 in
947 1929 1007 1987 otio
1035 1924 1155 1987 civibus
1188 1944 1193 1953 ·

106 2019 349 2079 ainlestissimus
372 2018 540 2095 quietisque
563 2019 847 2098 impatientissimus.
885 2018 916 2078 in
939 2017 1029 2077 huius
1051 2015 1157 2075 locum
1170 2032 1195 2073 so

136 2108 278 2167 sullectus
301 2104 435 2165 Valerius
465 2105 601 2188 Flaccus,
629 2109 818 2186 turpissimae
845 2106 919 2185 legis
947 2113 1064 2185 auctor,
1093 2122 1156 2182 qua

136 2195 335 2255 creditoribus
360 2195 555 2273 quadrantem
578 2195 814 2277 solviiusserat,
842 2196 928 2256 cuius
952 2195 1022 2254 lacti
1045 2194 1157 2254 merita

102 2299 202 2345 aeurn
229 2300 325 2362 poena
353 2285 432 2343 intra
459 2284 612 2344 biennium
643 2293 803 2346 consecuta
826 2291 879 2345 est.
926 2284 1096 2344 dominante
1123 2283 1156 2342 in

135 2373 216 2434 ltalia
240 2372 332 2432 Cinna
360 2374 455 2432 maior
481 2390 550 2452 pars
578 2373 740 2434 nobilitatis
763 2374 800 2434 ad
823 2372 935 2432 Sullam
958 2374 990 2431 in
1013 2370 1156 2431 Achaiam

135 2480 170 2522 ac
203 2461 309 2522 deinde
342 2468 412 2540 post
442 2463 473 2521 iu
505 2461 604 2522 Asiam
635 2463 775 2542 perfugit.
825 2461 906 2535 Sulla
933 2461 1054 2521 interim
1082 2476 1155 2519 cum
1169 2472 1195 2514 ss

135 2549 313 2609 Mithridatis
344 2550 503 2627 praelectis
534 2552 613 2610 circa
640 2550 768 2611 Athenas
796 2549 1006 2628 Boeotiamque
1035 2556 1066 2609 et
1092 2546 1155 2607 Ma·

136 2638 289 2699 cedoniam
303 2639 343 2697 ita
358 2638 519 2720 dimicavit,
542 2646 576 2699 ut
599 2646 630 2699 et
652 2631 781 2700 Athenas
796 2641 945 2718 reciperet
969 2645 998 2698 et
1021 2636 1156 2717 plurimo

134 2729 228 2808 circa,
242 2726 413 2806 multiplicis
441 2726 539 2787 Piraei
565 2735 671 2807 portus
701 2730 881 2789 munitiones
909 2725 1010 2787 labore
1034 2723 1155 2804 expleto

135 2816 261 2895 amplius
284 2815 412 2876 ducenta
435 2815 516 2879 milia
534 2815 665 2876 hostium
678 2817 862 2877 interficeret
876 2833 932 2875 nec
946 2816 1045 2874 minus
1059 2812 1157 2874 multa

105 2914 265 2985 tcaperet.
305 2906 421 2984 siquis
443 2903 500 2965 hoc
522 2903 686 2966 rebellandi
708 2913 839 2985 tempus,
863 2922 922 2983 quo
944 2903 1077 2963 Athenae
1101 2919 1155 2981 op·
1169 2916 1196 2958 oo

134 3002 282 3074 pugnatae
311 3011 327 3054 1
357 2991 438 3053 Sulla
468 2999 550 3073 sunt,
577 2995 703 3073 imputat
735 2992 978 3073 Atheniensibus,
1010 2992 1157 3051 nimirum

135 3086 199 3145 veri
220 3085 437 3161 vetustatisque
459 3083 581 3160 ignarus
605 3090 664 3142 est:
701 3082 774 3143 adeo
798 3083 886 3142 enim·
896 3089 979 3142 certa
993 3079 1155 3139 Athenien·

136 3175 213 3233 sium
239 3175 272 3233 in
298 3171 448 3232 Romanos
476 3168 549 3229 fides
576 3171 646 3251 luit,
676 3178 711 3232 ut
738 3188 856 3250 semper
884 3178 914 3230 et
940 3171 972 3229 in
1001 3169 1082 3228 omni
1109 3186 1157 3250 rc,

208 3385 241 3433 14
263 3377 363 3432 *fieret
386 3377 520 3431 innocens
538 3376 603 3442 ΑΡ,
621 3375 640 3430 f.
659 3392 763 3431 nocens
780 3393 805 3431 o.
916 3380 949 3429 15
968 3374 1066 3442 suique
1085 3374 1156 3431 Aei-

133 3450 241 3504 dalius:
261 3448 305 3502 sui
323 3448 381 3501 ΑΡ
451 3455 485 3503 26
504 3447 688 3516 Boebiamquo
706 3448 734 3502 A
807 3451 841 3503 28
860 3445 935 3501 Pirei
951 3445 1011 3500 ΑΡ
