2422 3848
488 150 511 186 c.
531 137 653 187 65-67.
1037 132 1077 196 77

65 303 157 384 positi
179 302 304 361 sormam
327 301 426 377 operis
449 317 609 378 erumpens
632 301 729 360 animo
746 318 780 360 ac
802 307 924 379 pectore
947 299 1080 378 indigna·

65 385 125 471 tio)
152 389 239 470 nihil,
266 391 400 469 inquam,
428 390 514 468 egisti
541 387 710 448 mercedem
738 388 943 449 caelestissimi
965 391 1026 448 oris
1050 395 1081 449 et

67 479 224 540 clarissimi
252 479 356 558 capitis
385 476 493 538 abscisi
522 477 706 537 numerando
730 485 1012 556 auctoramentoque
1036 476 1081 536 l-

66 567 154 628 nebri
177 567 212 627 ad
237 568 454 627 conservatoris
469 566 618 645 quondam
631 568 676 626 rei
698 565 833 644 publicae
857 569 990 647 tantique
1013 584 1082 626 con·

37 657 142 718 ⁶sulis
174 656 323 717 inritando
354 673 467 717 necem.
522 657 648 735 rapuisti
679 662 712 715 tu
744 655 781 715 M.
814 655 950 716 Ciceroni
984 655 1082 716 lucem
1096 658 1129 716 4‘

67 745 225 806 sollicitam
247 752 278 806 et
300 752 426 805 aetatem
449 744 573 804 senilem
597 752 627 804 et
641 745 731 805 vitam
745 746 929 806 miseriorem
950 752 979 805 te
1002 746 1083 823 prin-

67 837 134 913 cipe
159 851 247 912 quam
270 832 326 894 sub
349 841 379 893 te
393 834 548 893 triumviro
563 839 704 914 mortem,
734 833 841 895 lamam
853 852 924 894 vero
947 833 1083 913 gloriam·

67 941 128 1002 que
151 923 298 983 factorum
321 929 409 1001 atque
433 921 581 981 dictorum
604 921 677 981 adeo
698 941 759 982 non
781 921 942 1002 abstulisti,
972 928 1007 983 nt
1033 939 1084 981 au·

67 1013 158 1071 xeris.
208 1012 279 1070 vivit
306 1012 442 1089 vivetque
472 1028 526 1089 per
549 1027 668 1070 omnem
691 1010 878 1071 saeculorum
900 1013 1115 1091 memoriam,5

10 1110 53 1150 10
69 1099 201 1178 dumque
230 1098 287 1159 hoc
310 1098 356 1158 vel
383 1099 461 1158 sorte
484 1098 531 1158 vel
553 1098 738 1178 providentia
760 1098 806 1159 vel
829 1106 990 1179 utcumque
1014 1117 1084 1159 con·

69 1191 208 1249 stitutum
241 1205 343 1248 rerum
373 1195 496 1248 naturae
529 1205 651 1266 corpus,
684 1187 763 1265 quod
796 1187 844 1247 ille
876 1206 970 1267 paene
1003 1186 1084 1248 solus

68 1276 271 1337 Romanorum
293 1279 391 1336 animo
405 1275 490 1356 vidit,
513 1278 632 1354 ingenio
647 1276 820 1355 complexus
834 1283 893 1356 est,
916 1275 1084 1354 eloquentia
1132 1293 1136 1322 r

68 1365 268 1445 inluminavit,
296 1362 427 1425 manebit
453 1364 615 1445 incolume,
643 1367 782 1425 comitem
811 1367 875 1424 aevi
898 1367 945 1424 sui
967 1365 1085 1425 laudem

71 1453 224 1514 Ciceronis
252 1453 351 1514 trahet
378 1454 533 1532 omnisque
561 1448 720 1531 posterita's
747 1453 827 1514 illius
855 1456 886 1514 in
913 1461 942 1513 te
974 1455 1086 1532 scripta

18 1551 55 1591 1⁵
71 1541 241 1622 mirabitur,
269 1551 355 1602 tuum
380 1544 412 1601 in
440 1559 509 1602 eum
537 1540 647 1601 lactum
676 1541 864 1602 execrabitur
892 1543 1039 1620 citiusque
1068 1561 1084 1601 e

71 1630 182 1691 mundo
206 1649 300 1709 genus
323 1630 477 1690 hominum
501 1647 589 1707 quam
616 1631 771 1691 Ciceronis
793 1647 901 1691 nomen
924 1629 1018 1690 cedet.

161 1716 213 1780 67.
249 1718 345 1779 Huius
372 1720 464 1779 totius
487 1719 631 1797 temporis
653 1719 803 1779 fortunam
825 1736 863 1778 ne
887 1717 996 1777 dellere
1020 1720 1116 1796 qui-⁶1

72 1807 140 1868 dem
168 1810 325 1885 quisquam
352 1809 423 1867 satis
451 1806 538 1885 digne
567 1808 677 1888 potuit,
707 1806 780 1866 adeo
807 1824 895 1867 nemo
919 1808 1085 1885 exprimere

70 1895 171 1956 verbis
198 1903 305 1974 potest.
355 1895 385 1955 id
417 1903 517 1955 tamen
549 1894 711 1956 notandum
744 1903 802 1976 est,
835 1894 927 1955 luisse
956 1896 988 1954 in
1019 1906 1117 1974 pro-2

19 1994 57 2035 20
71 1985 201 2062 scriptos
224 2001 353 2044 uxorum
375 1983 464 2043 tidem
488 2001 646 2064 summam,
670 1982 844 2044 libertorum
862 1983 1002 2063 mediam,
1025 2002 1088 2044 ser·
1156 2030 1161 2037 .

70 2090 178 2132 vorum
201 2071 341 2151 aliquam,
364 2070 494 2131 tiliorum
516 2071 642 2133 nullam:
674 2072 747 2132 adeo
770 2071 898 2133 difficilis
927 2081 973 2132 est
994 2072 1087 2132 homi·

71 2159 162 2221 nibus
188 2168 352 2239 utcumque
381 2168 543 2239 conceptae
567 2161 630 2239 spei
653 2179 745 2221 mora.
790 2179 828 2220 ne
853 2161 924 2238 quid
947 2159 999 2220 ulli
1022 2172 1119 2221 san-3

72 2257 156 2310 ctum
179 2248 414 2327 relinqueretur,
437 2255 470 2308 ut
493 2251 524 2307 in
547 2247 647 2309 dotem
660 2251 945 2327 invitamentumque
966 2248 1088 2308 sceleris

71 2338 220 2397 Antonius
233 2336 265 2397 L.
281 2335 436 2396 Caesarem
451 2337 643 2417 avunculum,
666 2335 796 2417 Lepidus
817 2337 943 2398 Paulum
965 2337 1088 2397 fratrem

23 2435 56 2476 25
72 2428 325 2507 proscripserant,
355 2443 411 2485 neo
433 2424 542 2485 Planco
566 2427 659 2504 gratia
683 2425 778 2487 deluit
800 2425 836 2486 ad
860 2425 1088 2505 impetrandum,

72 2520 108 2574 ut
131 2513 223 2574 irater
246 2516 311 2574 eius
325 2512 452 2574 Plancus
466 2512 580 2574 Plotius
603 2513 852 2594 proscriberetur.
892 2532 986 2593 eoque
1010 2517 1119 2575 intere

71 2604 156 2662 iocos
180 2602 329 2682 militaris,
353 2604 405 2681 qui
429 2620 552 2663 currum
565 2602 669 2682 Lepidi
692 2602 852 2682 Plancique
876 2605 972 2663 secuti
995 2611 1089 2683 erant,

72 2692 154 2750 inter
177 2692 395 2751 execrationem
418 2692 526 2750 civium
549 2689 733 2770 usurpabant
756 2691 835 2752 hunc
858 2709 991 2752 versum:

119 2777 162 2839 De
184 2781 345 2859 germanis,
368 2797 428 2839 non
451 2778 487 2839 de
512 2778 602 2839 Gadis
624 2779 683 2840 duo
706 2781 891 2861 triumphant
914 2779 1060 2840 consules.

148 3007 163 3056 3
187 3002 304 3058 abscissi
325 3003 353 3056 A
461 3007 477 3056 ὅ
500 3001 645 3059 invitando
667 3003 783 3072 Lipsim
803 3004 807 3070 Ι
831 3003 864 3056 iu
886 3002 924 3055 M.
949 3001 1090 3056 Gelenius:

73 3075 137 3128 tum
149 3073 209 3126 ΑΡ
279 3078 312 3127 15
326 3075 407 3127 tuum
422 3072 461 3126 P:
479 3074 541 3127 tum
554 3074 582 3127 A
598 3076 603 3142 Ι
619 3073 701 3128 citius
715 3090 799 3142 quem
812 3074 876 3142 (que
889 3073 920 3126 in
935 3073 972 3140 P)
986 3070 1090 3124 mundo

74 3160 164 3214 genus
181 3144 329 3199 hominum
346 3160 432 3212 quem
446 3143 527 3198 cedat
539 3144 605 3214 ΑΡ,
623 3145 772 3212 recepimus
784 3144 999 3211 supplementum
1012 3141 1090 3195 Loro

73 3216 172 3281 rentii3
192 3216 310 3270 aliorum
328 3220 442 3270 coriatus
459 3230 485 3268 o.
503 3216 536 3269 ire
553 3216 593 3271 ed.
612 3215 704 3269 Kritz.
769 3219 802 3269 1⁷
821 3228 857 3266 ne
872 3212 931 3266 P¹=
949 3227 1002 3266 nec
1018 3209 1091 3264 ΡΜ

132 3291 164 3340 19
183 3287 213 3339 in
231 3303 281 3341 om.
300 3287 328 3339 A
400 3291 433 3340 23
453 3283 516 3340 *ut2
534 3286 583 3340 uel
600 3284 666 3354 ΑΡ,
684 3284 762 3339 velut
779 3300 803 3338 o.
823 3283 858 3350 cf.
878 3284 915 3338 ad
934 3289 976 3351 64,
996 3289 1013 3336 4

75 3379 112 3430 sc
129 3373 231 3429 norro
246 3360 327 3430 ms.
344 3373 474 3429 minuas
492 3372 520 3426 A
593 3378 626 3428 ra
646 3375 676 3427 ec
692 3372 766 3426 inter
784 3371 919 3426 naeuos
