2422 3848
528 159 550 204 e.
571 134 710 204 uer-oo.¹
1075 147 1117 212 87

104 318 210 375 cussit:
243 316 352 395 quippe
376 313 462 393 longe
487 316 628 374 maiorem
650 321 765 393 partem
788 313 890 374 classis
914 317 992 375 circa
1008 314 1118 375 Veliam

103 403 293 481 Palinurique
321 405 559 482 promontorium
591 402 693 462 adorta
721 404 763 463 vis
793 402 886 462 Alrici
916 402 1055 464 laceravit
1084 423 1117 464 ac

103 491 226 552 distulit.
273 510 306 552 ca
329 492 474 571 patrando
498 490 574 551 bello
597 508 681 550 mora
704 490 775 570 luit,
800 491 878 569 quod
901 499 1005 570 postea
1028 491 1117 553 dubia

103 588 133 641 et
156 580 306 640 interdum
334 582 455 659 ancipiti
485 581 604 640 lortuna
627 587 744 658 gestum
768 586 821 639 est.
869 597 936 639 nam
960 587 990 640 ot
1013 580 1148 640 olassist

75 669 207 728 aeodem
239 668 304 728 loco
336 676 439 729 vexata
471 676 517 728 est
548 675 736 747 tempestate,
769 676 800 729 et
833 675 866 728 ut
898 667 992 728 navali
1019 670 1116 747 primo

101 756 215 835 proelio
246 756 323 835 apud
351 756 442 835 Mylas
469 756 562 816 ductu
590 756 735 835 Agrippae
768 764 932 835 pugnatum
964 775 1117 837 prospero,

101 847 143 905 ita
165 847 317 923 inopinato
332 846 537 920 Pompeianae
560 843 662 904 classis
685 844 813 904 adventu
836 846 932 922 gravis
952 844 1008 905 sub
1022 847 1116 924 ipsius

102 932 237 992 Caesaris
260 932 354 992 oculis
377 934 457 991 circa
480 932 710 992 Tauromenium
733 941 854 1011 accepta
877 933 990 1014 clades3
1018 951 1115 1012 neque

104 1020 139 1080 ab
162 1023 228 1099 ipso
255 1020 422 1099 periculum
450 1019 552 1081 abluit.
597 1019 743 1101 legiones,
768 1038 842 1099 quae
867 1039 934 1080 cnm
958 1021 1116 1082 Cornificio

63 1123 89 1161 10
103 1118 200 1190 erant,
224 1108 319 1187 legato
339 1108 486 1189 Caesaris,
510 1110 664 1188 expositae
684 1110 716 1168 in
739 1116 850 1169 terram
873 1127 966 1188 paene
989 1128 1006 1169 a
1028 1109 1116 1169 Pom-

101 1200 168 1276 peio
192 1215 351 1276 oppressae
367 1205 445 1258 sum.
481 1196 533 1256 sod
547 1199 685 1276 ancipitis
708 1198 828 1258 fortuna
842 1199 985 1276 temporis
999 1205 1114 1257 mature
1130 1209 1146 1257 5

101 1288 209 1347 virtute
234 1293 381 1346 correcta:
414 1285 566 1364 explicatis
581 1287 691 1364 quippe
715 1287 872 1364 utriusque
895 1288 990 1364 partis
1013 1285 1114 1345 classi·

78 1372 157 1433 ¹bus
180 1392 273 1452 paene
296 1372 435 1441 omnibus
459 1381 566 1434 excitus
590 1373 714 1434 navibus
737 1373 896 1453 Pompeius
918 1373 1017 1434 Asiam
1045 1374 1114 1451 luga

100 1464 205 1539 petivit
231 1464 375 1540 iussuque
403 1461 441 1522 bl.
469 1463 602 1543 Antonii,
634 1465 721 1523 cuius
753 1481 839 1542 opem
871 1465 1009 1544 petierat,
1043 1463 1114 1522 dum

61 1561 87 1601 15
101 1552 180 1610 inter
203 1550 310 1611 ducem
333 1558 363 1611 et
386 1550 551 1629 supplicem
574 1551 772 1612 tumultuatur
787 1559 817 1612 et
840 1569 920 1611 iiunc
940 1551 1113 1628 dignitatem

101 1640 223 1719 retinet,
253 1657 333 1699 num
356 1640 446 1698 vitam
469 1647 622 1719 precatur,
650 1657 666 1698 a
690 1639 767 1699 Titio
796 1639 945 1716 iugulatus
969 1646 1027 1699 est:
1064 1640 1145 1699 cotio

100 1729 131 1786 in
154 1735 271 1787 tantum
293 1726 410 1787 duravit
432 1726 489 1787 boc
512 1727 644 1787 iocinore
659 1734 845 1787 contractum
860 1727 974 1805 odium,
998 1734 1031 1785 ut
1045 1744 1114 1785 mox

99 1813 186 1875 ludos
208 1818 239 1874 in
263 1814 525 1894 theatroPompei.
538 1815 651 1875 iaciens
672 1817 859 1874 execratione
881 1814 983 1893 populi
998 1820 1114 1892 speeta-

100 1902 180 1983 culo,
204 1902 283 1980 quod
307 1902 479 1983 praebebat,
502 1903 673 1982 pelleretur.

59 2003 86 2041 20
191 1987 242 2051 80.
284 1989 438 2051 acciverat
464 2009 572 2070 gerens
599 1983 703 2051 contra
730 1990 904 2070 Pompeium
936 1989 1047 2049 bellum
1077 2003 1143 2051 ext

101 2077 200 2137 Africa
224 2076 331 2138 Caesar
354 2076 498 2157 Lepidum
522 2097 590 2139 cum
613 2079 770 2139 duodecim
793 2078 962 2158 semiplenis
990 2077 1114 2157 legioni·

101 2166 167 2226 bus.
213 2165 261 2226 bic
284 2167 329 2226 vir
357 2168 489 2227 omnium
513 2169 689 2227 vanissimus
719 2185 816 2246 neque
839 2167 898 2227 ulla
920 2168 1029 2226 virtute
1054 2174 1114 2226 tam

68 2280 70 2285 ·
100 2255 217 2333 longam
246 2256 383 2314 fortunae
412 2254 625 2333 indulgentiam
647 2257 772 2315 meritus
796 2256 958 2315 exereitum
982 2253 1114 2334 Pompei,

101 2345 170 2421 qiria
193 2345 315 2422 propior
343 2343 452 2423 luerat,
479 2351 655 2422 sequentem
682 2361 742 2402 non
770 2345 876 2423 ipsius,
903 2341 956 2402 sed
980 2341 1113 2402 Caesaris

58 2444 87 2484 2⁵
102 2434 309 2492 auctoritatem
339 2449 373 2491 ac
400 2430 501 2512 fidem,
534 2430 591 2491 sibi
617 2433 755 2492 iunxerat
781 2431 959 2509 inflatusque
988 2431 1145 2509 ampliusa

99 2522 203 2598 viginti
235 2519 386 2598 legionum
418 2537 543 2579 numero
575 2521 607 2580 in
639 2519 669 2579 id
701 2519 812 2580 loiroris
843 2527 1043 2600 processerat,
1079 2527 1114 2580 ut

99 2609 215 2668 inutilis
242 2607 353 2668 alienae
381 2609 520 2669 victoriae
549 2626 662 2688 comes,
692 2626 779 2686 quam
810 2607 861 2668 diu
885 2615 1017 2668 moratus
1040 2615 1114 2687 erat,

100 2695 271 2757 dissidendo
294 2699 325 2756 iu
348 2696 479 2757 consiliis
494 2694 613 2756 Caesari
632 2704 662 2756 et
685 2715 803 2775 semper
826 2697 941 2757 diversa
963 2698 1013 2776 iis,
1038 2713 1113 2774 quae

100 2784 166 2844 aliis
193 2783 359 2865 placebant,
388 2784 527 2864 dicendo,
555 2791 647 2844 totam
669 2786 824 2844 victoriam
852 2791 886 2844 ut
914 2798 998 2844 suam
1020 2786 1114 2844 inter·

170 2995 186 3043 3
205 2989 323 3058 dispulit
340 2988 470 3050 Gelenius
554 2996 571 3044 6
590 2991 659 3058 aput
675 2989 759 3043 Milas
776 2989 804 3041 A
891 2994 906 3041 t
925 2986 1117 3056 Pompeianae

97 3061 160 3115 odd
180 3060 325 3125 Heinsius,
344 3060 395 3114 otii
414 3059 547 3114 adversae
566 3061 607 3115 vel
607 3008 736 3115 phostilis
839 3065 872 3112 10
891 3058 1002 3127 legatae
1020 3059 1048 3111 A
1064 3058 1115 3127 lm

98 3132 175 3184 terra
191 3100 355 3198 APlpeiio
373 3146 463 3199 paene
481 3131 509 3184 A
600 3136 632 3184 11
652 3132 763 3184 maturo
780 3129 846 3197 AP,
864 3146 912 3184 en.
930 3128 1041 3183 Ruhnk.

99 3201 249 3270 aufugam
267 3203 295 3254 A
368 3206 401 3254 15
420 3202 484 3266 fort.
502 3201 624 3255 multum
641 3200 763 3255 luctabar
781 3201 817 3266 cf.
836 3205 880 3268 63,
894 3206 910 3253 3
986 3205 1019 3253 19
1037 3199 1114 3268 quod

96 3287 148 3326 om
166 3273 194 3325 A
276 3277 309 3325 17
329 3270 463 3325 inutilis
454 3289 485 3326 1n
503 3271 613 3326 alienae
632 3271 696 3324 MA
781 3217 1113 3338 necessariumque

96 3342 245 3397 Acidaliua
261 3345 265 3410 Ι
280 3341 325 3395 his
343 3341 402 3395 AP
480 3348 513 3395 29
532 3343 623 3396 totam
643 3341 719 3395 MA:
741 3343 787 3394 un
788 3359 834 3395 am
855 3341 901 3413 ΡΙ
917 3340 1114 3410 interpretare

95 3415 144 3467 tur
162 3413 331 3487 auderetquo
350 3412 487 3467 Ruhnken
