2422 3848
524 174 547 212 o.
568 162 689 212 tit—77.
1071 154 1114 220 85

102 323 245 383 adventus
273 323 380 382 deinde
414 325 445 383 in
472 322 586 383 ltaliam
613 324 734 384 Antonii
760 331 976 402 apparatusque
1010 330 1114 383 contra

102 430 171 471 eum
186 410 319 472 Caesaris
333 410 437 471 habuit
450 411 519 471 belli
534 420 659 492 metum,
680 412 733 472 sed
747 429 803 491 pax
818 413 896 472 circa
910 411 1113 472 Brundusium

102 502 273 578 composita.
309 518 365 579 per
388 518 463 578 quae
486 509 620 580 tempora
634 500 702 561 Rufi
718 500 877 561 Salvidieni
895 500 1020 561 scelesta
1044 513 1145 560 eon-4

102 588 164 648 silia
188 590 333 667 patefacta
356 595 440 649 sunt:
466 591 517 667 qui
540 597 627 650 natus
650 588 871 650 obscurissimis
894 590 986 649 initiis
1008 606 1114 666 parum

75 676 228 737 shabebat
260 695 375 737 summa
407 679 564 756 accepisse
589 686 620 739 et
653 680 807 758 proximus
839 696 855 737 a
888 676 939 737 Cn.
972 676 1114 756 Pompeio

101 767 226 843 ipseque
242 765 366 825 Caesare
381 769 530 844 equestris
554 767 667 827 ordinis
684 766 788 827 consul
812 774 930 826 oreatus
954 783 1034 846 esse,
1056 766 1115 824 nisi

100 855 132 912 in
156 854 185 912 id
209 854 405 936 ascendisset,
436 873 452 913 e
476 872 535 932 quo
558 855 636 915 infra
658 873 691 915 se
715 863 745 914 et
769 853 924 915 Caesarem
947 853 1062 914 videret
1085 860 1116 913 et

101 959 166 1017 rem
187 940 344 1019 publicam.
951 997 955 1002 ,

193 1028 242 1089 ll.
279 1030 357 1090 'lum
380 1031 584 1110 expostulante
600 1049 748 1092 consensu
770 1030 886 1111 populi,
910 1049 1000 1109 quem
1018 1031 1144 1108 gravisi

62 1133 87 1172 10
102 1117 208 1178 urebat
235 1119 344 1179 infesto
371 1122 446 1180 mari
474 1137 603 1200 annona,
633 1137 700 1180 cum
724 1119 865 1198 Pompeio
888 1137 1007 1197 quoque
1036 1120 1115 1178 circa

101 1205 248 1267 Misenum
269 1226 326 1286 pax
349 1210 434 1289 inita,
463 1211 514 1287 qui
535 1208 614 1269 haud
637 1206 779 1288 absurde,
808 1225 877 1267 oum
900 1210 930 1266 in
955 1209 1021 1267 navi
1045 1205 1115 1267 Cae·

102 1312 257 1373 saremque
286 1302 316 1356 et
345 1296 507 1356 Antonium
534 1315 608 1357 cena
640 1299 804 1376 exciperet,
837 1296 910 1356 dixit
942 1298 973 1356 in
1006 1297 1114 1355 carinis

102 1385 164 1443 suis
188 1402 219 1443 se
243 1402 347 1445 cenam
370 1385 454 1466 dare,
483 1386 618 1446 referens
640 1385 698 1444 hoc
721 1384 834 1445 dietum
857 1383 893 1444 ad
915 1383 974 1444 loci
996 1402 1115 1464 nomen,

101 1474 132 1530 in
160 1489 219 1549 quo
246 1480 370 1551 patema
393 1473 499 1534 domus
527 1474 563 1534 ab
586 1474 714 1534 Antonio
741 1472 957 1552 possidebatur.
1003 1475 1033 1532 iu
1056 1472 1144 1532 heca

62 1574 87 1613 15
101 1561 182 1637 pacis
209 1560 329 1620 loedere
356 1561 467 1640 placuit
496 1562 626 1622 Siciliam
648 1561 845 1640 Achaiamqne
875 1560 1016 1640 Pompeio
1045 1579 1114 1620 con·

102 1646 221 1729 cedere,
243 1650 275 1708 in
299 1667 358 1727 quo
380 1657 480 1710 tamen
503 1651 619 1710 animus
641 1651 759 1728 inquies
782 1667 903 1710 manere
924 1667 984 1708 non
1008 1651 1113 1728 potuit.

101 1735 131 1794 id
154 1755 248 1798 unum
271 1738 475 1798 tantummodo
499 1738 627 1799 salutare
641 1737 769 1798 adventu
792 1756 847 1797 suo
870 1739 982 1816 patriae
1007 1737 1114 1819 attulit,

101 1825 181 1902 quod
204 1824 341 1885 omnibus
364 1829 540 1906 proscriptis
563 1826 701 1907 aliisque,
724 1828 775 1904 qui
799 1825 834 1886 ad
854 1843 924 1886 eum
938 1845 974 1885 ex
989 1825 1113 1886 diversis
1142 1837 1149 1847 '

102 1915 199 1973 causis
222 1913 372 1996 frigerent,
396 1915 524 1975 reditum
548 1915 732 1993 salutemque
746 1924 851 1994 pactus
875 1921 934 1975 est:
966 1933 1041 1993 quae
1064 1925 1145 1974 resa

60 2007 132 2073 root
154 2000 226 2060 alios
249 2000 429 2062 clarissimos
451 2005 532 2062 viros
555 2010 586 2063 et
607 2002 756 2063 Neronem
780 2002 934 2063 Claudium
957 2010 987 2063 et
1010 2002 1047 2062 M.
1069 2002 1114 2062 Si-

101 2087 201 2148 lanum
230 2088 425 2168 Sentiumque
455 2091 649 2152 Saturninum
676 2098 707 2151 et
733 2092 908 2151 Arruntium
941 2109 974 2151 ao
1003 2091 1114 2152 Titium

101 2178 233 2237 restituit
260 2179 305 2237 rei
331 2176 475 2257 publicae.
522 2178 649 2239 Statium
679 2187 777 2240 autem
804 2178 954 2259 Murcum,
987 2182 1038 2257 qui
1065 2179 1114 2239 ad·

101 2271 191 2325 ventu
214 2284 269 2326 suo
294 2266 455 2345 classisque
479 2267 689 2328 celeberrimae
712 2270 791 2327 viros
817 2269 882 2327 eius
906 2267 1114 2347 duplicaverat,

100 2353 304 2414 insimulatum
327 2354 408 2415 lalsis
432 2355 701 2436 criminationibus,
724 2358 793 2434 quia
813 2356 903 2416 talem
916 2357 1013 2415 virum
1028 2353 1114 2415 colle-

61 2455 87 2495 25
101 2459 167 2519 gam
190 2442 280 2502 oflicii
302 2441 388 2503 Mena
411 2451 442 2504 et
464 2444 649 2505 Menecrates
676 2444 873 2525 fastidierant,
900 2443 1060 2523 Pompeius
1082 2445 1114 2502 in

102 2529 200 2590 Sicilia
222 2531 422 2592 interiecerat.

173 2724 187 2770 1
211 2722 417 2788 apparatusque
438 2719 570 2790 Sylbwrp:
598 2722 836 2790 praeparatosque
853 2720 920 2788 ΑΡ,
942 2721 1112 2790 paratasque

101 2786 288 2858 delectasio.
308 2806 372 2844 eum
390 2790 468 2845 Caes.
488 2792 565 2846 MA:
585 2791 663 2848 Caes.
682 2809 705 2846 o.
725 2808 789 2846 eum
809 2792 838 2845 P
943 2799 959 2845 2
979 2790 1054 2845 cirea
1073 2789 1112 2843 P:
1156 2820 1157 2825 κ

100 2861 199 2914 contra
218 2861 282 2914 MA
367 2868 383 2916 3
402 2877 507 2931 perque
525 2863 553 2916 A
569 2864 573 2932 Ι
589 2862 653 2916 Rufi
670 2865 712 2916 A:
730 2861 806 2916 Ruffi
826 2862 854 2915 P
940 2867 956 2915 5
976 2875 1113 2914 summam

99 2930 165 2997 ΑΡ,
183 2947 231 2985 em.
245 2932 393 2986 Acidaliae
465 2939 481 2986 6
499 2933 636 3002 equestris
655 2932 759 2987 ordinis
772 2933 919 2988 Heimios:
943 2948 978 2986 ex
991 2929 1114 2998 equestri

95 3001 248 3068 ¹(sequestri
260 3003 296 3071 A,
316 3001 452 3070 equestris
468 3003 506 3070 P)
525 3003 630 3058 ordinis
641 3003 742 3071 MAP,
761 3020 796 3058 ex
809 3002 933 3071 equestri
947 3001 1042 3056 ordine
1062 2999 1113 3054 Ge-

99 3072 190 3127 lenius
298 3075 362 3128 'lin
378 3073 409 3126 id
429 3072 586 3129 Puteanus:
613 3073 685 3128 inis
705 3073 777 3141 MA,
797 3074 880 3128 simul
900 3073 947 3142 ΡΙ
963 3089 979 3127 e
997 3088 1052 3140 quo
1073 3070 1112 3124 P:

100 3157 173 3210 equo
193 3143 257 3197 MA
331 3144 501 3212 iungebat
520 3144 645 3211 Gladius,
663 3149 695 3198 ut
711 3145 770 3198 iam
786 3145 867 3198 Acid.
887 3145 1052 3213 aequaverat

102 3219 134 3267 11
155 3213 275 3269 absurdo
294 3215 361 3283 ΑΡ,
379 3231 427 3269 em.
445 3213 599 3270 Rhenanus
688 3221 719 3268 17
739 3213 837 3268 attulit
855 3214 894 3269 P:
912 3213 981 3269 tulit
996 3214 1024 3268 A

99 3289 135 3338 20
154 3283 280 3338 Silanum
300 3286 377 3339 MA:
397 3284 545 3354 Syllanam
565 3286 594 3338 P
673 3291 706 3339 21
727 3284 909 3354 Sentiumque
928 3282 1114 3339 P:'Sentium

100 3353 132 3419 Q.
154 3355 217 3408 MA
234 3357 238 3424 Ι
253 3356 416 3410 Atruntium
435 3355 533 3424 (cium
552 3357 604 3426 Μ)
623 3355 719 3410 MAP
741 3422 746 3427 „
805 3363 839 3410 22
859 3356 969 3411 Staium
986 3355 1045 3410 AP

99 3429 135 3479 26
153 3424 331 3481 Menonades
346 3428 384 3481 M
388 3427 404 3495 l.
414 3427 434 3496 )‚
452 3426 627 3482 Menecrates
641 3426 678 3495 A,
692 3426 835 3482 Menoetes
852 3426 1114 3497 Remitterem
