2422 3848
520 153 685 203 aa-m
945 104 955 142 ²
1066 147 1109 210 m

96 317 238 376 mentitus
261 316 346 393 argui
368 322 478 393 posset.
516 331 584 374 nam
608 331 704 393 neque
728 314 901 395 Pompeius,
924 321 958 375 ut
980 316 1141 393 primuma

96 404 131 463 ad
154 421 219 463 rem
241 402 391 482 publicam
409 402 568 482 adgressus
587 410 646 483 est,
669 419 849 481 quemquam
870 403 990 461 omnino
1008 421 1111 482 parem

95 492 179 572 tulit,
202 500 232 552 at
254 493 286 551 in
309 491 418 570 quibus
441 491 533 552 rebus
555 493 671 570 primus
690 509 756 551 esse
775 489 916 570 debebat,
940 476 1020 550 solus
1044 510 1109 552 esse

96 579 234 660 cupiebat
257 574 369 663 (neque
398 598 433 640 eo
461 582 524 640 viro
549 582 706 658 quisquam
734 586 786 639 aut
812 578 868 638 alia
891 581 989 638 omnia
1012 582 1110 640 minus

68 677 147 729 aaut
169 669 293 747 gloriam
315 671 408 746 magis
431 669 595 750 concupiit,
624 670 654 728 in
684 667 857 747 adpetendis
880 667 1044 728 honoribus
1067 669 1111 727 in·

94 758 241 837 modicus,
265 759 296 817 in
319 757 458 834 gerendis
471 756 759 836 verecundissimus,
782 764 816 816 ut
835 757 887 834 qui
905 774 956 816 eos
970 765 1004 816 ut
1017 755 1110 817 liben-

94 848 208 906 tissime
232 847 334 924 iniret,
362 846 403 904 ita
430 845 531 905 liniret
553 862 648 922 aequo
672 847 782 926 animo,
811 853 841 904 at
864 843 944 922 quod
970 846 1111 925 cupisset,

95 934 218 993 arbitrio
233 951 288 993 suo
303 941 448 1013 sumeret,
462 932 558 993 alieno
572 927 751 1014 deponeret)
767 938 797 992 et
810 931 962 1013 Lucullus,
977 951 1111 993 summus
1125 935 1143 983 4

94 1021 205 1099 alioqui
228 1023 285 1101 vir,
313 1020 452 1099 profusae
475 1020 565 1080 huius
592 1023 623 1079 in
647 1020 788 1080 aediliciis
813 1021 1058 1099 convictibusque
1082 1030 1112 1081 et

54 1124 81 1163 10
96 1107 285 1188 apparatibus
308 1109 442 1170 luxuriae
465 1111 581 1188 primns
603 1116 707 1168 auctor
730 1109 799 1189 tuit,
823 1125 912 1187 quem
931 1108 968 1168 ob
988 1110 1112 1170 iniectas

95 1197 188 1257 moles
211 1199 286 1258 mari
309 1205 339 1258 et
361 1207 517 1277 receptum
536 1198 670 1258 sullossis
689 1196 841 1257 montibus
864 1199 895 1256 in
915 1203 1012 1257 terras
1030 1215 1111 1259 mare

94 1286 172 1346 haud
200 1286 327 1347 infacete
355 1285 478 1365 Magnus
506 1285 665 1364 Pompeius
694 1284 813 1346 Xerxen
846 1293 978 1365 togatum
1006 1304 1111 1346 vocare

96 1375 281 1436 adsueverat.

184 1460 235 1524 34.
280 1462 339 1523 Per
370 1461 401 1521 id
432 1472 551 1541 tempus
583 1481 600 1522 a
628 1462 661 1532 Q.
689 1461 806 1523 Metello
836 1461 922 1523 Creta
950 1463 1047 1523 insula
1078 1466 1141 1523 int

55 1565 81 1605 15
95 1551 198 1631 populi
233 1550 358 1611 Romani
395 1558 574 1629 potestatem
612 1551 730 1613 redacta
767 1558 826 1630 est,
873 1568 947 1628 quae
985 1550 1113 1612 ducibus

95 1639 208 1700 Panare
237 1647 266 1700 et
291 1638 439 1700 Lasthene
467 1646 608 1717 quattuor
636 1647 666 1699 et
693 1641 805 1718 viginti¹
824 1638 943 1699 milibus
972 1641 1113 1699 iuvenum

96 1730 219 1809 coactis,
242 1727 396 1788 velocitate
414 1727 600 1807 pernicibus,
624 1744 775 1788 armorum
790 1726 985 1806 laborumque
999 1729 1112 1806 patien-

96 1818 231 1896 tissimis,
256 1819 428 1895 sagittarum
447 1834 505 1875 usu
524 1815 737 1897 celeberrimis,
756 1833 811 1894 per
830 1816 993 1875 triennium
1007 1815 1112 1875 Roma-

97 1923 151 1964 nos
184 1906 332 1965 exercitus
365 1904 544 1982 fatigaverat.
599 1923 636 1964 ne
674 1903 710 1964 ab
746 1903 835 1964 huius
868 1904 989 1984 quidem
1021 1917 1143 1965 usurae

56 2009 82 2048 ao
97 1993 206 2070 gloriae
235 1994 410 2072 temperavit
437 1995 568 2053 animum
596 1991 647 2053 Cn.
670 1992 843 2074 Pompeius,
873 1994 945 2071 quin
972 1994 1114 2053 victoriae

96 2090 213 2161 partem
244 2087 404 2141 conaretur
435 2080 593 2141 vindicare.
647 2081 700 2141 sed
732 2088 762 2141 et
793 2080 909 2141 Luculli
943 2089 972 2141 et
1004 2081 1115 2141 Metelli

97 2169 282 2249 triumphum
306 2187 374 2229 cum
396 2170 531 2247 ipsorum
554 2169 712 2248 singularis
735 2171 842 2250 virtus,
870 2177 934 2230 tum
958 2171 1045 2228 etiam
1069 2171 1113 2229 in·

96 2259 173 2318 vidia
201 2258 324 2338 Pompei
353 2258 431 2336 apud
464 2259 609 2335 optimum
641 2276 789 2337 quemque
818 2258 889 2323 fecit
916 2257 1113 2317 favorabilem.

97 2366 151 2425 per
170 2346 243 2406 haec
262 2355 395 2426 tempora
409 2345 446 2406 M.
462 2345 580 2427 Cicero,
599 2349 651 2424 qui
670 2348 769 2406 omnia
787 2347 969 2406 incrementa
990 2363 1043 2405 sua
1057 2345 1145 2407 sibia

58 2449 84 2489 os
98 2434 214 2516 debuit,
237 2438 281 2496 vir
304 2437 442 2495 novitatis
462 2433 660 2496 nobilissimae
680 2443 710 2495 et
734 2443 767 2495 ut
792 2437 851 2495 vita
872 2435 983 2514 clarus,
1007 2436 1048 2494 ita
1070 2436 1113 2494 in·

98 2526 184 2601 genio
205 2526 361 2604 maximus,
381 2525 491 2602 quique
511 2523 622 2605 effecit,
641 2542 678 2583 ne
699 2541 826 2602 quorum
846 2541 926 2583 arma
939 2525 1114 2603 viceramus,

98 2629 203 2671 eorum
221 2613 339 2690 ingenio
358 2615 560 2693 vinceremur,
584 2612 688 2672 consul
708 2612 804 2690 Sergii
823 2610 963 2672 Catilinae
983 2610 1113 2672 Lentuli-

99 2717 156 2777 que
181 2707 211 2759 et
234 2699 355 2778 Cethegi
379 2707 408 2760 et
432 2701 557 2760 aliorum
580 2703 738 2778 utriusque
762 2699 875 2760 ordinis
893 2703 1025 2760 virorum
1045 2718 1113 2760 con·

98 2790 276 2848 iurationem
308 2787 450 2866 singulari
480 2791 602 2870 virtute,
636 2790 801 2849 constantia
807 2806 824 2869 ,¹
852 2788 950 2867 vigilia
982 2806 1114 2866 curaque

170 2992 242 3046 had
262 2993 338 3047 MA:
357 3009 407 3048 ooo.
428 2995 456 3046 P
477 2995 481 3062 l
503 2994 615 3048 omnino
634 2994 793 3049 Acidaliae:
817 2993 911 3048 animo
929 2992 998 3060 ΑΡ,
1024 3009 1114 3060 aequo

98 3063 193 3117 animo
212 3064 327 3133 Io'poias
406 3071 422 3120 6
442 3067 471 3118 ab
488 3065 537 3133 qui
555 3065 670 3134 [Apsias
686 3067 820 3134 probante
840 3065 986 3132 Modoipio
1005 3063 1043 3131 II,
1062 3070 1114 3117 303

171 3141 187 3188 8
207 3152 314 3190 sumere
333 3135 401 3202 ΑΡ,
421 3151 468 3193 em.
487 3136 635 3190 Acidaliae
673 3143 705 3191 12
724 3136 845 3190 infacete
863 3137 904 3189 A:
923 3133 1043 3193 iniectae
1062 3134 1090 3186 P
1109 3133 1112 3206 l

98 3205 206 3257 Xersen
223 3207 281 3259 AP
339 3212 372 3260 16
390 3206 532 3261 Lasthene
550 3210 578 3259 A
640 3212 673 3260 18
692 3207 835 3261 Romanus
854 3205 882 3258 A
943 3211 976 3259 19
994 3221 1030 3258 ne
1050 3206 1114 3259 odoi.

99 3275 229 3329 Gelenius
253 3279 258 3344 Ι
282 3293 382 3330 usurae
400 3276 492 3346 gloria
510 3277 579 3343 AP,
603 3293 650 3331 em.
670 3276 822 3331 Rhenanus
893 3282 927 3330 20
951 3275 1020 3344 quin
1038 3276 1115 3330 Gete-

98 3348 177 3400 aa'ac:
196 3346 245 3414 qui
262 3348 321 3400 AP
390 3354 424 3404 26
444 3347 547 3416 quique
568 3348 746 3417 Oudendorpz
766 3347 815 3416 qui
832 3347 890 3400 AP
960 3353 994 3402 28
1013 3347 1115 3400 utrim-

101 3434 156 3485 que
176 3417 215 3472 P:
234 3419 324 3472 utrius
344 3419 407 3472 MA

153 3517 253 3557 Velleius
267 3517 299 3559 ad,
313 3517 389 3560 Halm.
917 3529 939 3575 ιι
