2422 3848
486 157 509 194 c.
531 145 572 196 68.
593 146 636 195 69,
1027 138 1068 203 79

145 305 197 368 69.
240 307 302 367 lam
334 315 364 368 et
394 306 542 368 Dolabella
572 309 603 366 in
631 305 699 366 Asia
727 304 758 366 C.
787 304 970 367 Trebonium
1003 315 1104 366 con-1

58 396 204 476 sularcm,
232 399 281 456 cui
305 395 497 478 succedebat,
526 396 630 456 fraude
651 395 811 474 ,deceptum
835 394 977 474 Zmyrnae
1001 398 1078 456 occi·

56 487 159 567 derat,
181 486 278 546 virum
303 484 445 546 adversus
467 486 574 545 merita
598 482 732 544 Caesaris
755 485 988 562 ingratissimum
1010 502 1077 563 par-

57 532 238 654 ticipelnque
262 574 361 634 caedis
385 576 505 655 eiuS,a
529 591 588 651 quo
612 575 676 650 ipse
690 574 722 631 in
736 571 893 633 consulare
917 580 1077 651 provectus

36 661 451 743 cfastig·01umfuerat,etc
476 661 595 722 Cassius
619 663 749 740 acceptis
772 680 789 722 a
811 660 904 722 Statio
919 660 1022 722 Murco
1046 668 1107 721 eta

61 750 165 830 Crispo
180 751 300 832 lilarcio,
322 753 481 830 praetoriis
494 753 566 812 viris
584 753 697 830 impera
698 749 883 830 laribusque,
902 741 1077 828 praevalidis

57 839 189 943 insyria
212 839 380 918 legionibus
402 839 552 900 inclusum
572 837 764 920 Dolabellam,
788 841 839 917 qui
861 845 1077 918 praeoccupata

57 928 161 987 Asia
153 946 184 988 m
209 927 324 1006 Syriam
350 936 540 1008 pervenerat,
570 927 726 987 Laodiciae
750 935 915 1006 expugnata
943 946 978 988 ea
1001 926 1076 987 urbe

60 1018 253 1076 interfecerat
280 1011 336 1097 (ita
364 1023 476 1097 tamen,
503 1024 538 1076 ut
566 1015 602 1075 ad
630 1017 723 1075 ictum
752 1017 830 1075 servi
858 1017 905 1075 sui
928 1014 1077 1075 Dolabella

13 1119 44 1158 ιο
59 1122 120 1163 non
150 1107 282 1184 segniter
309 1107 456 1165 cervicem
484 1097 582 1185 daret)
615 1112 646 1165 et
678 1103 785 1176 decem
812 1103 945 1182 legiones
976 1106 1008 1164 in
1038 1122 1074 1164 co

58 1201 158 1254 tractu
187 1195 234 1254 sui
261 1195 337 1254 iuris
365 1193 490 1273 fecerat,
519 1203 549 1254 et
570 1192 608 1253 M.
631 1191 743 1252 Brutus
768 1190 799 1252 C.
821 1192 963 1274 Antonio,
991 1193 1108 1254 fratris

58 1280 96 1341 M.
124 1281 258 1362 Antonii,
294 1283 325 1341 in
359 1281 530 1342 Macedonia
562 1280 737 1359 Vatinioque
771 1282 850 1341 circa
881 1279 1077 1360 Dyrrachium

57 1369 184 1430 volentis
206 1369 339 1449 legiones
353 1378 520 1431 extorserat
543 1362 610 1451 (sed
625 1369 788 1430 Antonium
804 1368 881 1429 bebo
896 1369 1077 1452 lacessierat,

57 1455 206 1518 Vatinium
228 1458 397 1538 dignatione
422 1457 577 1540 obruerat,
600 1476 669 1518 cum
693 1465 723 1517 et
741 1457 853 1519 Brutus
876 1458 999 1519 cuilibet
1023 1459 1076 1519 du·

15 1560 42 1600 15
59 1564 127 1606 cum
154 1548 369 1627 praeferendus
396 1547 549 1608 videretur
577 1555 607 1608 et
635 1544 769 1606 Vatinius
796 1546 870 1607 nulli
903 1565 962 1606 non
996 1555 1076 1607 esset

59 1635 284 1716 postferendos,
307 1638 338 1696 in
363 1654 421 1714 quo
446 1635 619 1696 deformitas
642 1637 776 1713 corporis
800 1653 869 1701 cum
891 1634 1110 1714 turpitudine4

60 1722 194 1784 certabat
216 1726 341 1805 ingenii,
365 1723 438 1784 adeo
461 1730 495 1784 ut
518 1726 635 1784 animus
658 1725 723 1784 eius
741 1724 914 1803 dignissimo
929 1723 1077 1783 domicilio

59 1811 193 1872 inclusus
217 1806 384 1894 videretur)
413 1821 536 1890 eratque
561 1820 676 1891 septem
698 1811 865 1891 legionibus
889 1811 1011 1872 validus
1048 1820 1078 1872 at
1127 1869 1129 1873 ,

58 1899 122 1977 lege
146 1899 249 1980 Pedia,
277 1919 366 1979 quam
394 1901 498 1961 consul
525 1900 635 1961 Pedius
662 1899 773 1979 collega
797 1899 932 1960 Caesaris
959 1899 1107 1982 tulerat,5
1185 1924 1191 1931 ’

14 2003 43 2042 ιο
58 1986 210 2067 omnibus,
240 1991 291 2066 qui
321 1987 478 2048 Caesarem
505 1997 621 2068 patrem
649 1989 875 2067 interfecerant,
904 2007 980 2068 aqua
1002 1991 1075 2068 igni·

58 2094 115 2154 que
140 2075 285 2136 damnatis
307 2076 501 2137 interdictum
525 2085 603 2138 erat:
640 2094 699 2155 quo
723 2084 858 2156 tempore
882 2076 1000 2158 Capito,
1026 2096 1075 2156 pa-

57 2173 145 2224 truus
169 2182 268 2245 meus,
290 2167 336 2226 vir
359 2165 473 2225 ordinis
496 2167 652 2244 senatorii,
674 2165 821 2245 Agrippae
845 2163 1023 2243 subscripsit
1045 2168 1076 2225 in

57 2252 88 2312 C.
114 2251 257 2312 Cassium.
308 2253 439 2331 dumque
468 2272 501 2314 ea
529 2257 561 2313 in
590 2253 673 2314 ltalia
700 2262 860 2335 geruntur,
893 2255 955 2314 acri
987 2260 1106 2331 atquae

57 2343 261 2419 prosperrimo
288 2340 366 2401 bello
396 2341 515 2402 Cassius
542 2341 695 2423 Rhodum,
721 2360 786 2402 rem
815 2343 941 2402 inmanis
969 2344 1077 2423 operiS,

14 2445 44 2485 ιι
61 2437 194 2510 ceperat,
222 2428 334 2490 Brutus
357 2429 463 2508 Lycios
487 2430 649 2513 devicerat,
678 2438 707 2490 et
729 2430 799 2490 inde
822 2433 854 2490 in
876 2429 1077 2490 Macedoniam

59 2519 209 2578 exercitus
239 2521 430 2599 traiecerant,
461 2537 530 2580 cum
557 2539 611 2599 per
639 2521 737 2579 omnia
760 2537 931 2598 repugnans
953 2524 1077 2579 naturae

129 2706 349 2761 2succensebat
366 2705 477 2761 Rodacis
494 2707 652 2777 {Zmyrnae
670 2709 710 2762 A:
731 2706 865 2790 Smyrnae
881 2708 909 2761 P
949 2707 1076 2788 {asiatio

60 2775 193 2831 Ursinus:
213 2777 291 2832 Staio
312 2778 347 2845 P,
367 2777 435 2832 Caio
453 2779 481 2831 A
575 2778 713 2834 offertio
731 2781 759 2833 A
775 2779 803 2847 l'
795 2797 853 2849 amp
855 2779 1010 2833 crateribus
1028 2778 1078 2846 qui

55 2845 123 2913 AP,
142 2864 190 2902 em
208 2847 408 2902 Boubommoos
502 2848 673 2904 8Laodicia
692 2851 766 2917 MA,
784 2798 954 2906 Laodiceam
974 2850 1008 2917 P,
1028 2865 1077 2904 em.

62 2917 177 2973 Vossius
202 2920 206 2987 l
231 2922 375 2989 expugnat
393 2919 459 2974 MA
540 2925 556 2973 9
575 2920 756 2975 interfecerat
772 2920 924 2975 Rhenanus
943 2920 994 2986 (cel
1012 2935 1077 2972 con-

56 2988 188 3058 feceral):
216 2988 323 3044 fecerat
340 2991 399 3043 AP
413 2992 418 3057 1
434 2989 470 3044 ad
490 2990 578 3045 icium
596 2990 761 3046 Rhenanus
789 2990 930 3045 adiectum
948 2989 1008 3042 AP

56 3066 90 3113 12
109 3058 261 3129 Abinioque
279 3062 307 3114 A
395 3067 427 3114 13
446 3061 568 3116 uolentis
588 3063 665 3116 MA:
688 3061 829 3115 uoluentis
851 3060 879 3112 P
967 3065 1002 3113 14
1019 3059 1076 3114 Va-

54 3130 142 3184 tinius
156 3129 216 3183 AP
257 3137 290 3186 15
304 3131 376 3185 nulli
389 3149 446 3186 non
458 3133 551 3187 Aldus
565 3133 646 3200 (Mem
659 3150 686 3187 ιι.
701 3131 810 3185 homini
823 3148 880 3186 non
889 3134 1075 3200 propensum:

54 3201 129 3255 nulli
146 3205 195 3257 no‘1
214 3202 332 3269 (nomini
351 3201 389 3271 P)
407 3219 465 3257 non
482 3203 548 3270 AP,
567 3202 639 3256 nulli
657 3202 770 3256 omnino
788 3218 845 3256 non
862 3199 997 3255 Heinsius

56 3277 91 3326 16
111 3273 234 3344 corporis
254 3273 333 3328 MA.
352 3289 404 3329 cm
425 3273 454 3326 P
556 3278 590 3327 18
609 3275 751 3327 teneretur
769 3274 809 3327 ed
830 3272 911 3328 Orell.
930 3288 1076 3341 operarum

53 3359 147 3468 gwere
218 3348 252 3397 18
272 3347 303 3399 at
320 3344 449 3414 Lipsius:
473 3346 502 3398 et
519 3343 587 3453 AP,
606 3343 655 3398 sed
672 3343 807 3414 Kreyssip
883 3349 916 3397 21
937 3343 1078 3397 damnatis

73 3415 98 3468 el
124 3415 274 3470 Dclbertius
