2422 3848
509 191 531 227 c.
553 178 710 229 110-112.
1055 176 1118 240 113

101 336 252 419 partibus!
294 346 404 416 quanto
428 357 496 398 cum
520 346 754 418 temperamento
782 339 869 400 simul
898 341 1046 403 civilitatis
1069 361 1119 404 res

102 428 280 489 anctoritate
303 428 492 505 imperatoria
514 429 560 505 agi
579 426 718 488 vidimus!
743 446 801 505 qua
818 428 977 507 prudentia
995 430 1118 492 hiberna

102 516 246 595 disposita
269 513 352 575 sunt!
392 523 502 594 quanto
525 533 617 594 opere
640 515 773 577 inclusus
797 516 940 577 custodiis
968 521 1119 581 exercitus

101 605 213 684 nostri,
244 621 282 663 ne
314 621 373 681 qua
403 612 506 682 posset
537 622 695 682 erumpere
727 607 873 684 inopsque
906 608 1059 685 copiarum
1088 616 1119 667 et

72 694 181 755 sintra
204 710 237 753 se
260 692 364 751 furens
386 690 500 752 viribus
522 691 617 753 hostis
641 692 877 772 elanguesceret!

195 776 268 841 112.
310 779 393 840 Felix
415 788 536 860 eventu,
563 782 640 842 forte
664 790 772 842 conatu
795 784 890 860 prima
913 791 1024 844 aestate
1047 782 1148 844 bellit

101 868 252 933 Messalini
275 886 350 947 opus
373 867 572 929 mandandum
595 877 641 930 est
664 871 833 930 memoriae.
877 873 928 949 qni
951 874 996 932 vir
1019 874 1148 932 animoa

100 958 193 1019 etiam
215 974 303 1035 qnam
326 964 413 1036 gente
437 957 564 1017 nobilior
588 957 852 1038 dignissimusque‚
875 962 927 1036 qni
951 968 981 1020 et
1002 968 1118 1039 patrem
1178 1024 1191 1039 ,-

101 1044 263 1107 Corvinum
285 1044 438 1105 habuisset
461 1053 491 1106 et
510 1064 674 1124 cognomen
695 1063 784 1106 suum
802 1045 904 1106 Cottae
923 1049 1009 1107 fratri
1028 1048 1117 1108 relin-

61 1142 223 1214 mqueret,
254 1135 442 1213 praepositus
469 1133 585 1213 illyrico
614 1133 711 1194 subita
744 1133 905 1194 rebellione
938 1154 1006 1195 cum
1031 1138 1116 1197 semi—

100 1222 189 1303 plena
207 1221 324 1301 legione
342 1223 479 1282 vicesima
499 1223 700 1283 circumdatus
717 1221 818 1282 hostili
838 1225 971 1283 exercitu
990 1224 1118 1303 amplius

100 1312 207 1390 viginti
228 1309 309 1370 milia
333 1307 491 1386 [hostium]
516 1309 593 1371 ludit
611 1310 781 1389 fugavitque
806 1318 835 1370 et
854 1310 891 1370 oh
911 1311 941 1372 id
961 1329 1116 1373 ornamen-

100 1401 141 1460 tis
172 1396 402 1477 triumphalibus
434 1397 597 1458 honoratus
628 1407 683 1459 est.
737 1401 778 1459 ita
814 1398 948 1478 placebat
983 1400 1148 1461 barbaris3

101 1504 246 1548 numerus
275 1505 361 1567 suns,
388 1488 429 1546 ita
456 1485 563 1547 fiducia
590 1489 712 1566 virium,
744 1495 778 1548 ut
805 1486 986 1566 ubicumque
1010 1489 1118 1550 Caesar

63 1576 196 1657 inesset,
218 1573 293 1635 nihil
315 1577 347 1634 in
371 1593 403 1634 se
426 1583 616 1653 reponerent.
652 1593 721 1654 pars
741 1577 890 1635 exercitus
914 1595 1027 1656 eorum,
1049 1596 1117 1656 pro-

100 1661 198 1747 posita
229 1665 287 1743 ipsi
319 1662 389 1724 duci
421 1671 451 1723 et
483 1662 518 1723 ad
551 1662 707 1724 arbitrium
739 1662 956 1741 utilitatemque
985 1673 1117 1725 nostram

101 1759 250 1813 macerata
271 1751 473 1832 perductaque
493 1749 530 1810 ad
549 1750 728 1811 exitiabilem
745 1753 866 1831 samem,
890 1770 987 1830 neque
1007 1754 1117 1813 instan-

102 1849 164 1901 tem
196 1842 345 1925 sustinere
378 1857 475 1918 neque
508 1856 577 1899 eum
609 1838 784 1900 iacientibus
822 1841 936 1920 copiam
968 1840 1118 1919 pugnandi

101 1927 366 2009 derigentibusque
390 1930 484 1989 aciem
507 1946 578 1989 ausa
596 1928 737 2006 congredi
756 1936 900 2008 occupato
919 1937 1019 1989 monte
1035 1927 1118 1989 Clau·

63 2016 152 2077 nodio
174 2019 340 2077 munitione
368 2035 400 2077 se
429 2016 569 2076 defendit.
614 2025 644 2076 at
672 2034 705 2076 ea
733 2035 815 2097 pars,
843 2034 918 2096 quae
947 2016 1062 2077 obviam
1086 2025 1149 2078 set

101 2104 249 2167 effuderat
271 2107 428 2185 exercitui,
453 2122 541 2183 quem
564 2103 596 2164 Α.
620 2103 745 2165 Caecina
772 2114 803 2166 et
826 2105 962 2165 Silvanus
984 2104 1118 2166 Plautius

101 2193 275 2255 consulares
299 2211 335 2253 ex
358 2194 563 2253 transmarinis
585 2191 772 2253 adducebant
793 2195 967 2273 provinciis,
991 2195 1117 2253 circum·

101 2282 168 2343 fusa
182 2283 314 2361 quinque
333 2280 499 2359 legionibus
518 2282 629 2341 nostris
648 2279 898 2359 auxiliaribusque
920 2288 950 2340 et
974 2283 1118 2358 equitatui

101 2371 186 2449 regio
209 2363 334 2451 (quippe
358 2387 492 2449 magnam
511 2368 660 2429 Thracum
683 2387 803 2429 manum
819 2371 940 2429 iunctus
958 2369 1117 2447 praedictis

62 2475 89 2519 ss
102 2457 230 2519 ducibm
256 2457 494 2536 Rhoemetalces,
521 2456 664 2517 Thraciae
692 2475 758 2537 rex,
785 2460 817 2518 in
845 2457 1024 2518 adiutorium
1053 2459 1117 2517 eius

100 2545 171 2607 belli
198 2563 302 2606 secum
328 2539 478 2626 trahebat)
505 2539 606 2628 paene]
628 2545 806 2606 exitiabilem
836 2544 975 2606 omnibus
1004 2544 1117 2607 cladem

174 2722 189 2770 1
209 2715 352 2771 civilitatis
372 2715 492 2784 Mateta
507 2721 656 2784 praeeunte
673 2715 850 2772 Rclmltem‘o:
869 2716 1002 2771 utilitatis
1020 2717 1079 2770 ΑΡ

100 2793 118 2843 n
136 2786 315 2857 imperatoris
328 2786 393 2853 ΑΡ,
412 2802 459 2840 em.
476 2786 596 2855 Modoe'p
654 2792 669 2840 5
688 2787 778 2841 hostis
794 2790 890 2857 posteat
902 2788 986 2842 Kritz
1000 2793 1063 2842 aem
1076 2804 1117 2840 cv.

100 2875 664 3012 semitractatam
726 2883 765 3000 a
778 2875 1117 3026 tillitxdtttlfflss‘

103 3023 138 3071 lo
157 3018 187 3070 et
203 3018 255 3072 del.
268 3017 355 3070 Bothe
377 3018 381 3085 Ι
406 3016 637 3084 uoluntatemque
658 3015 743 3070 Orelli
831 3022 863 3070 17
882 3017 1018 3070 metentes
1036 3017 1118 3069 sustr-

101 3103 174 3142 nens
190 3088 339 3142 Acidalius
404 3092 437 3141 18
457 3103 520 3140 cum
538 3087 686 3141 Ruhnken:
705 3088 737 3140 nt
755 3086 813 3140 ΑΡ
876 3092 908 3140 19
927 3085 1117 3156 derigentibus

101 3174 176 3228 quae
200 3159 241 3226 A,
265 3156 504 3227 dirigentibusque
524 3157 630 3226 M(?)P
653 3159 657 3225 Ι
683 3156 772 3212 eciem
792 3156 868 3210 MA:
892 3156 1117 3226 commatri,

104 3228 192 3283 etism
211 3231 240 3282 P
257 3230 299 3296 (io
316 3245 368 3298 mg.
390 3228 437 3283 ‘el
457 3227 570 3296 aciem’)
646 3234 680 3282 20
699 3229 730 3281 et
747 3243 782 3280 ea
801 3227 839 3280 M
854 3232 880 3280 et
897 3227 929 3280 iu
946 3243 998 3296 mg.
1019 3227 1058 3281 P:
1078 3228 1118 3285 al·

101 3301 165 3354 tere
182 3300 222 3368 A,
241 3301 326 3353 entea
345 3299 374 3351 P
434 3304 467 3353 21
488 3297 619 3352 Plancius
637 3300 665 3353 A
727 3304 761 3353 24
779 3314 883 3368 magna
902 3297 930 3350 P
944 3299 948 3366 1
964 3315 1050 3352 manu
1062 3298 1121 3352 ΑΡ

102 3368 108 3442 Ι
130 3369 241 3425 iunctus
261 3370 337 3424 MA:
355 3369 466 3424 uinctus
486 3369 515 3422 P
529 3371 533 3438 Ι
549 3369 709 3437 praedictus
727 3370 755 3423 A
811 3374 844 3422 25
864 3369 974 3423 Rhome
994 3370 1023 3422 et
1036 3368 1119 3423 Alces

103 3440 207 3507 MAP,
225 3457 272 3495 em.
292 3440 444 3495 Rhenanus
462 3441 494 3495 irs
512 3441 586 3495 Add.
602 3457 632 3508 p.
653 3446 686 3494 70
728 3452 733 3462 ’

157 3530 259 3572 Velleius
272 3531 308 3608 ed:
322 3529 398 3572 Halm.
889 3533 904 3581 8
