2422 3848
491 207 513 244 c.
535 195 576 244 14.
597 196 639 244 15.
1030 189 1071 253 15

57 375 115 435 que
143 374 220 416 anno
244 356 394 434 Torquato
419 354 655 434 Sempronioque
685 354 858 416 consulibus
880 354 1072 417 Brundisium

56 452 177 524 etpost
199 447 362 505 triennium
376 443 555 526 Spoletium,
579 461 637 522 quo
659 461 736 503 anno
750 443 910 505 Floralium
933 444 1072 506 ludorum

56 533 165 594 iactum
199 542 244 594 est
276 535 402 593 initium.
447 541 573 611 postque
606 532 760 593 biennium
791 532 918 594 deducta
940 532 1072 593 Valentia

57 630 86 682 et
119 621 175 682 sub
208 621 366 681 adventum
397 623 429 680 in
461 619 573 681 ltaliam
605 613 777 681 Hannibalis
807 621 951 682 Cremona
983 630 1071 700 atque

29 708 214 770 ⁵Placentia.

147 794 196 859 15,
234 798 345 858 Deinde
374 816 470 875 neque
499 797 570 857 dum
592 796 738 858 Hannibal
765 800 796 858 in
819 797 902 858 ltalia
929 805 1101 872 moratur,1

55 904 153 965 neque
176 889 319 965 proximis
342 893 409 964 post
433 903 589 946 excessum
612 888 677 945 eius
700 889 785 946 annis
805 889 918 947 vacavit
931 886 1071 946 Romanis

56 974 186 1034 colonias
211 973 354 1054 condere,
377 991 445 1032 curn
469 980 549 1033 esset
571 976 603 1032 in
626 972 703 1032 hello
727 975 948 1052 conquirendus
972 977 1071 1053 potius
1127 987 1137 1013 ⁰

56 1061 141 1122 miles
169 1080 257 1140 quam
285 1061 477 1123 dimittendus
506 1069 536 1121 et
563 1069 631 1140 post
659 1061 770 1121 bellum
792 1064 871 1122 vires
894 1063 1071 1123 refovendae

16 1163 42 1202 10
56 1152 149 1229 magis
182 1168 270 1228 qnam
302 1151 491 1229 spargendae.
539 1149 590 1210 Cn.
623 1159 723 1211 autem
753 1149 861 1210 Manlio
884 1149 1010 1210 Volsone
1041 1158 1101 1210 eta

55 1238 157 1298 Fulvio
173 1238 324 1298 Nobiliore
348 1238 520 1299 consulibus
534 1237 666 1298 Bononia
685 1239 811 1299 deducta
826 1238 941 1299 colonia
964 1238 1071 1299 abhinc

55 1345 148 1387 annos
171 1328 264 1387 ferme
289 1328 433 1388 ducentos
457 1324 674 1407 septendecim,
699 1334 819 1406 etpost
842 1328 1071 1406 quadriennium

54 1415 212 1476 Pisaurum
244 1434 278 1475 ac
305 1415 442 1476 Potentia
472 1417 689 1496 interiectoquc
722 1418 851 1476 triennio
880 1416 1013 1494 Aquileia
1042 1426 1072 1475 et

56 1502 194 1564 Gravisca
222 1511 252 1564 et
280 1513 349 1584 post
376 1504 603 1583 quadriennium
631 1502 719 1564 Luca.
766 1504 870 1564 eodem
901 1513 1101 1583 temporume

15 1605 41 1644 15
55 1601 165 1673 tractu,
180 1611 358 1671 quamquam
373 1593 449 1671 apud
463 1593 607 1671 quosdam
622 1591 793 1674 ambigitur,
814 1591 954 1652 Puteolos
970 1591 1067 1652 Saler-

55 1698 186 1759 numque
215 1690 245 1742 et
272 1680 439 1741 Buxentum
467 1682 550 1740 missi
578 1679 688 1761 coloni,
721 1680 879 1740 Auximum
911 1687 1010 1741 autem
1038 1682 1091 1740 in·

54 1768 198 1830 Picenum
227 1769 333 1830 abhinc
361 1786 454 1828 annos
481 1769 574 1828 ferme
604 1776 724 1828 centum
752 1770 901 1847 octoginta
929 1770 1070 1848 quinque,

55 1865 124 1917 ante
150 1859 313 1917 triennium
342 1874 430 1934 quam
453 1857 572 1918 Cassius
600 1875 707 1917 censor
734 1875 750 1916 a
778 1855 935 1936 Lupercali
961 1858 993 1916 in
1016 1856 1069 1916 Pa·

55 1944 159 2005 latium
181 1963 286 2004 versus
309 1943 458 2004 theatrum
480 1946 578 2005 lacere
593 1947 735 2025 instituit,
760 1947 809 2005 cui
824 1947 856 2005 in
871 1963 905 2005 eo
920 1944 1069 2004 moliendo

15 2046 41 2085 20
55 2034 163 2092 eximia
186 2034 312 2092 civitatis
336 2034 478 2091 severitas
502 2040 532 2092 et
555 2033 658 2094 consul
683 2033 782 2112 Scipio
809 2036 962 2114 restitere,
990 2033 1070 2112 quod

55 2139 110 2199 ego
133 2123 213 2180 inter
237 2120 399 2180 clarissima
421 2118 556 2198 publicae
571 2121 730 2182 voluntatis
746 2130 919 2200 argumenta
933 2140 1069 2182 numera·

56 2211 156 2269 verim.
195 2208 294 2269 Cassio
312 2215 409 2268 autem
424 2208 556 2286 Longino
572 2216 601 2268 et
616 2208 717 2269 Sextio
732 2208 864 2290 Calvino,
888 2211 940 2287 qui
955 2209 1069 2269 Sallues
1083 2220 1100 2268 4

54 2298 132 2375 apud
156 2315 260 2378 aquas,
284 2316 358 2375 quae
383 2296 418 2356 ab
442 2315 477 2355 eo
494 2295 609 2356 Sextiae
634 2297 831 2376 appellantur,
855 2297 976 2378 devicit,
999 2316 1068 2356 con-

55 2386 170 2446 sulibus
184 2384 354 2446 Fabrateria
377 2386 503 2445 deducta
517 2393 564 2444 est
586 2384 692 2445 abhinc
716 2403 809 2445 annos
832 2386 925 2444 ferme
950 2394 1070 2446 centum

15 2487 41 2526 25
56 2477 269 2553 quinquaginta
297 2476 360 2535 tris.
403 2482 433 2534 et
460 2481 528 2551 post
556 2492 666 2533 annum
694 2473 860 2534 Scolacium
885 2472 1070 2554 Minervium,

55 2562 217 2623 Tarentum
231 2563 393 2644 Neptunia,
417 2561 620 2640 Carthagoque
643 2565 675 2621 in
689 2563 787 2622 Africa
800 2564 909 2642 prima,
932 2571 965 2622 ut
985 2580 1069 2642 prae·

128 2819 248 2874 3ducta
261 2820 319 2873 ΑΡ
399 2820 546 2874 ditalium
559 2820 587 2873 A
669 2826 702 2873 10
721 2820 761 2890 et]
777 2821 814 2874 M.
834 2821 971 2888 Gelenius,
991 2821 1019 2873 et
1032 2821 1069 2873 M.

55 2890 190 2960 Kreyssip
280 2897 312 2944 13
336 2891 467 2960 Aquileia
487 2891 563 2945 MA:
582 2890 698 2959 Aquilia
717 2892 745 2944 P
836 2898 871 2945 14
894 2890 1025 2945 Granista
1042 2891 1071 2942 A

110 2967 143 3015 15
167 2978 336 3029 quamquam
361 2964 398 3017 P:
422 2979 507 3030 quam
530 2963 557 3014 A
578 2962 582 3032 Ι
604 2963 808 3030 Falernumque
827 2962 886 3016 AP
985 2967 1017 3014 16
1041 2961 1071 3012 in

54 3033 157 3086 Piceno
176 3034 264 3087 Bothe
359 3040 391 3086 17
410 3053 514 3088 ccxxxv
531 3034 673 3087 Burmuu:
693 3053 819 3087 cnxxxvn
837 3033 895 3086 ΑΡ
989 3037 1021 3083 19
1041 3031 1071 3083 in

55 3119 88 3155 eo
116 3103 258 3157 moliendo
284 3103 437 3158 Salmasius
464 3109 489 3158 et
511 3103 629 3172 Ripueu:
657 3105 687 3156 in
716 3102 892 3157 demoliendo
916 3102 974 3154 AP

56 3178 90 3225 20
111 3172 195 3241 Cepio
214 3175 283 3242 ΑΡ,
311 3191 358 3229 eui.
381 3175 471 3228 Aldus
543 3181 577 3229 22
597 3174 680 3228 Sexto
701 3173 785 3241 (Sex.)
805 3173 923 3226 Ursinus
939 3173 943 3242 Ι
961 3171 1069 3240 Sallyes

57 3243 86 3295 P
102 3245 170 3310 (uou
189 3245 263 3313 MA)
361 3251 396 3299 24
419 3265 484 3299 ccxxx
502 3245 626 3298 Kruusc:
652 3264 724 3298 cnvn
742 3243 805 3310 AF,
829 3263 883 3297 cun
901 3243 979 3310 Lips

56 3318 90 3367 25
116 3313 281 3382 Scolacium,
306 3315 486 3383 Mineruium,
511 3317 675 3381 Tarentum,
700 3313 843 3382 Neptunia
863 3314 901 3380 P;
924 3314 975 3367 bus
999 3314 1070 3368 duos

55 3400 109 3438 esse
128 3386 194 3452 (uou
212 3387 252 3452 xv)
270 3388 391 3441 coiouiue
408 3388 502 3441 docuit
521 3387 673 3440 Mommseu
691 3385 756 3439 Ber.
771 3386 818 3439 der
832 3386 917 3438 sicha.
933 3384 967 3438 G.
981 3386 1009 3438 d.
1025 3384 1068 3438 W.

52 3456 148 3524 philol.
170 3455 210 3510 ct.
229 3455 242 3508 Ι
269 3462 303 3509 49
322 3473 377 3526 sqq.
450 3464 484 3513 26
504 3456 658 3527 Carthago,
676 3471 748 3525 quae
767 3455 851 3511 Solu.
870 3461 896 3510 et
912 3456 1031 3512 Vossius.
