2422 3848
479 170 502 210 ο.
523 160 645 209 ott—72.
1027 153 1069 218 81

146 316 196 379 71.
237 320 385 381 Corvinus
398 317 545 400 Messalla,
569 318 803 397 fulgentissimus
821 321 949 402 iuvenis,
972 320 1101 399 proxi-1

56 426 123 468 mus
146 410 177 467 in
199 406 258 468 illis
282 409 389 468 castris
402 407 488 468 Bruti
503 405 656 485 Cassiique
672 409 853 488 auctoritati,
878 426 947 468 eum
970 416 1072 470 essent

57 498 109 574 qui
144 513 214 556 eum
250 496 358 556 ducem
393 503 565 576 poscerent,
603 497 715 556 servari
754 495 899 556 beneficio
937 494 1071 558 Caesaris

56 584 159 645 maluit
191 601 279 662 quam
310 583 541 663 dubiam·spem
573 602 723 644 armorum
755 592 899 664 temptare
933 584 1072 667 amplius,

28 686 113 733 onec
146 680 197 733 aut
225 671 344 732 Caesari
371 673 533 751 quidquam
561 690 597 732 ex
624 674 758 733 victoriis
786 675 849 733 suis
877 673 934 733 fuit
965 673 1072 733 laetius

57 779 146 839 quam
180 779 314 821 servasse
347 758 507 821 Corvinum
539 769 590 821 aut
621 763 715 821 maius
748 761 916 840 exemplum
942 761 1072 821 hominis

27 925 31 930 ι
56 852 133 928 grati
161 868 194 909 ac
221 851 276 928 pii,
304 867 393 927 quam
416 847 536 909 Corvini
564 851 595 908 in
623 847 780 909 Caesarem
802 850 868 910 luit.
908 867 969 909 uon
992 849 1072 910 aliud

56 937 168 997 bellum
192 939 346 997 cruentius
370 936 459 997 caede
483 937 716 997 clarissimorum
742 939 875 998 virorum
904 939 968 998 luit.
1007 946 1073 999 tum

58 1026 178 1085 Catonis
215 1024 293 1085 lilius
330 1025 450 1105 cecidit3
487 1025 591 1086 eadem
622 1024 778 1086 Lucullum
810 1025 1102 1108 Hortensiumque,2

10 1126 41 1167 10
57 1115 362 1174 eminentissimorum
403 1115 510 1174 civium
546 1113 636 1195 lilios,
676 1115 795 1174 fortuna
831 1113 965 1195 abstulit;
1004 1132 1073 1174 nam

57 1201 149 1262 Varro
178 1201 214 1261 ad
242 1201 405 1262 ludibrium
427 1204 591 1262 moriturus
614 1202 735 1263 Antonii
758 1202 845 1281 digna
872 1203 922 1262 illo
946 1221 980 1262 ac
1003 1215 1103 1263 verae

57 1291 94 1351 dc
119 1292 200 1351 exitu
223 1291 288 1350 eius
311 1308 416 1369 magna
439 1309 508 1351 cum
534 1289 670 1351 libertate
693 1292 842 1351 ominatus
866 1298 921 1352 est.
957 1290 1072 1351 Drusus

57 1378 171 1459 Livius,
208 1377 298 1438 luliae
331 1378 480 1458 Augustae
516 1387 615 1460 pater,
652 1386 682 1439 et
714 1377 808 1439 Varus
841 1378 1002 1450 Quintilius
1035 1397 1072 1440 ne

40 1474 199 1546 temptata
235 1467 355 1545 quidem
392 1467 486 1528 hostis
522 1467 726 1528 misericordia
762 1467 837 1528 alter
873 1486 906 1528 se
943 1471 1006 1547 ipse
1041 1470 1074 1528 in

16 1567 43 1607 1⁵
58 1553 249 1616 tabernaculo
276 1557 441 1637 interemit,
466 1554 560 1615 Varus
588 1562 688 1615 autem
715 1555 829 1637 liberti,
851 1574 946 1634 ¹quem
973 1555 1003 1615 id
1032 1557 1073 1615 l·

59 1662 128 1704 cere
153 1649 303 1724 coegerat,
326 1662 435 1724 manu,
453 1661 522 1703 cum
536 1661 567 1703 se
586 1642 753 1722 insignibus
776 1644 925 1705 bonorum
938 1643 1074 1727 velasset,

58 1731 209 1811 iugulatus
233 1740 288 1793 est.

150 1817 201 1880 72.
243 1819 331 1880 Hunc
363 1821 476 1880 exitum
506 1819 544 1880 M.
571 1819 658 1880 Bruti
688 1821 818 1899 partium
850 1823 1010 1899 septimum
1043 1828 1103 1881 etl

59 1910 245 1969 tricesimum
267 1926 378 1968 annum
402 1910 515 1987 agentis
538 1908 658 1968 lortuna
679 1926 744 1968 esse
768 1908 874 1989 voluit,
897 1911 1072 1987 incorrupto

15 2011 44 2051 eo
61 1999 159 2056 animo
187 1999 252 2056 eius
279 1999 311 2055 in
339 1995 431 2076 diem,
461 2013 536 2074 quae
563 1996 607 2056 illi
633 2013 737 2057 omnes
759 1998 885 2057 virtutes
913 1999 1003 2057 unius
1030 2005 1073 2057 te·

60 2086 197 2144 meritate
225 2085 296 2144 laeti
323 2082 452 2144 abstidit.
503 2084 559 2144 luit
591 2092 690 2145 autem
722 2084 783 2145 dux
811 2083 931 2145 Cassius
960 2084 1104 2166 melior,2

60 2180 172 2251 quanto
204 2174 249 2231 vir
281 2171 407 2233 Brutum
453 2190 469 2232 e
503 2172 612 2250 quibus
642 2172 768 2233 Brutum
800 2175 928 2233 amicum
964 2171 1074 2233 habere

59 2260 176 2341 melles,
199 2262 352 2321 inimicum
376 2262 469 2339 magis
492 2262 614 2321 timeres
638 2259 788 2341 Cassium3
810 2263 843 2321 in
865 2261 957 2320 altero
981 2263 1075 2320 maior

59 2351 118 2428 vis,
141 2351 171 2408 in
186 2348 279 2408 altero
295 2350 401 2409 virtus:
424 2350 475 2427 qui
499 2351 525 2408 si
538 2351 693 2430 vicissent,
716 2357 860 2427 quantum
881 2351 926 2409 rei
939 2341 1088 2428 publicae

15 2451 45 2492 25
61 2433 199 2496 interluit
214 2435 370 2497 Gaesarem
384 2439 484 2516 potius
498 2436 608 2498 babere
623 2455 712 2516 mam
725 2438 887 2498 Antonium
900 2439 1075 2519 principem,

61 2533 176 2586 tantum
199 2525 353 2586 retulisset
375 2524 484 2598 babere
508 2525 635 2586 Brutrnn
658 2543 747 2604 quam
762 2525 905 2586 Cassium.
942 2524 994 2586 Cn.
1018 2525 1105 2586 llo-3

60 2615 176 2693 mitius,
199 2621 284 2692 pater
297 2613 329 2674 L.
344 2612 464 2674 Domitii
487 2631 583 2693 nuper
603 2613 719 2674 anobis
732 2617 801 2695 visi,
825 2616 1075 2675 eminentissimae

61 2719 96 2761 ae
119 2700 319 2762 nobilissimae
343 2701 539 2781 simplicitatis
564 2704 631 2783 viri,
663 2721 734 2763 avus
758 2703 847 2763 huius
871 2702 923 2763 Cn.
947 2703 1075 2783 Domitii,

62 2789 218 2850 clarissimi
232 2791 361 2871 iuvenis,
378 2793 530 2870 occupatis
544 2790 668 2851 navibus
683 2809 751 2852 cum
766 2809 871 2870 magno
886 2793 1076 2869 sequentium

60 2997 152 3049 benus.
169 2994 293 3049 Messala
310 2995 442 3064 Scheffer,
463 2994 608 3064 expiravit.
629 2995 762 3050 Corvinus
780 2995 818 3049 M.
842 2995 1004 3062 Reponitur}
1028 3009 1077 3048 nos

61 3065 190 3136 protinus
207 3070 308 3120 retento
327 3064 471 3132 Corvinus,
488 3067 560 3134 quod
573 3082 671 3121 nomen
684 3071 799 3135 propter
816 3081 922 3119 versum
942 3071 958 3118 6
977 3080 1016 3135 eq.
1032 3081 1078 3118 ne-

62 3138 210 3191 ceesarium
227 3137 344 3202 videtur,
363 3137 462 3191 addere
480 3137 628 3191 maluimus

135 3207 341 3263 teuthoniam
359 3207 387 3260 A
494 3212 512 3260 4
538 3208 649 3262 tentare
669 3207 704 3273 P,
727 3207 790 3260 item
811 3205 891 3272 infra
917 3212 951 3259 14
968 3207 1080 3262 lentate

117 3283 132 3330 7
153 3277 266 3332 Corvini
279 3278 378 3332 Bolbe:
398 3277 532 3332 Coruinus
546 3278 606 3331 ΑΡ
658 3283 690 3331 13
710 3277 807 3331 Liviae
825 3277 1079 3346 AugustaeAldus

119 3353 151 3401 19
171 3351 200 3403 et
217 3353 292 3409 iii.
313 3348 348 3415 P,
367 3351 504 3403 etimuv11
522 3349 550 3401 A
567 3352 571 3417 l
586 3348 715 3402 fortunae
733 3349 778 3417 ΑΙ
795 3349 925 3416 corrupto
943 3347 1010 3415 ΑΡ,
1030 3364 1081 3404 em.

65 3417 174 3473 Tollius
246 3425 280 3472 21
299 3419 368 3474 facti
386 3419 547 3475 Rhenanus:
567 3419 635 3474 fecit
652 3418 712 3472 ΑΡ

118 3508 220 3551 Velleius
234 3508 268 3551 ed.
282 3509 358 3552 Helm.
850 3515 866 3566 6
