2422 3848
537 202 559 239 c.
579 191 603 238 9.
624 189 666 238 10.
1089 184 1109 246 9

97 348 195 428 luere,
232 352 284 427 qrri
315 350 399 412 Pauli
431 351 575 429 impedire
610 349 826 411 obniterentur.
877 352 963 410 euius
995 357 1110 410 tantum

96 439 212 515 priores
240 441 368 500 excessit
396 439 441 498 vel
467 439 669 518 magnitudine
697 441 776 517 regis
803 436 907 497 Persei
933 437 979 497 vel
1011 441 1109 518 specie

97 525 323 588 sImulacrorum
351 527 396 588 vel
430 528 517 588 modo
550 530 706 607 pecuniae,
740 534 785 606 ut,
816 544 884 586 cum
915 526 961 585 his
994 527 1110 587 miliens

97 615 231 674 centiens
258 619 429 677 sestertium
453 618 567 676 aerario
589 616 752 695 intulisset,
780 617 912 674 omnium
939 622 1006 674 ante
1030 622 1111 674 acto-

69 715 163 761 5rum
187 707 436 784 comparationem
460 704 652 782 amplitudine
675 706 787 764 vicerit.

188 789 236 853 10.
275 793 334 853 Per
361 793 440 853 idem
472 801 603 874 tempus,
636 811 705 853 cum
737 791 900 852 Antiochus
932 789 1140 873 Epiphanes,1

96 880 147 956 qui
166 880 289 941 Athenis
313 880 499 959 Olympicum
522 881 686 960 inchoavit,
710 888 773 940 tum
797 898 850 939 rex
875 879 990 960 Syriae,
1012 878 1109 939 Ptole·

96 984 213 1027 maeum
236 987 364 1047 puerum
378 967 570 1028 Alexandriae
595 967 758 1049 obsideret,
780 971 890 1027 missus
914 976 959 1028 est
983 968 1019 1028 ad
1043 986 1111 1028 eum

96 1054 210 1131 legatus
233 1056 270 1116 Μ.
294 1056 426 1136 Popilius
449 1054 575 1136 Laenas,
599 1058 650 1134 qui
673 1054 791 1116 inheret
813 1058 932 1134 incepto
956 1056 1110 1115 desistere.

57 1157 82 1195 10
97 1145 291 1222 mandataque
315 1147 451 1224 exposuit
474 1152 504 1204 et
526 1162 628 1223 regem
651 1144 884 1204 deliberaturum
908 1161 939 1202 se
963 1142 1141 1203 dicentema

97 1232 331 1312 circumscripsit
353 1233 466 1312 virgula
493 1235 639 1312 iussitque
666 1236 750 1311 prius
773 1249 953 1310 responsum
975 1230 1111 1312 reddere,

97 1336 185 1396 quam
209 1322 403 1400 egrederetur
425 1323 508 1381 finito
531 1321 659 1381 harenae
683 1321 804 1381 circulo.
842 1322 885 1380 sic
902 1321 1111 1398 cogitationem

96 1413 208 1485 regiam
230 1410 362 1470 Romana
390 1410 506 1470 disiecit
534 1412 699 1470 constantia
721 1409 952 1486 oboeditumque
975 1410 1110 1486 imperio.

96 1493 187 1558 Lucio
211 1508 311 1559 autem
324 1499 415 1559 Paulo
430 1498 635 1558 Macedonicae
652 1501 793 1558 victoriae
817 1498 947 1576 compoti
970 1503 1110 1576 quattuor
1124 1509 1141 1556 9

56 1596 82 1636 15
96 1583 148 1646 filii
175 1587 272 1666 luere,
301 1605 336 1646 ex
364 1589 401 1647 iis
428 1587 503 1647 dnos
531 1594 602 1647 natu
630 1589 771 1667 maiores,
801 1603 893 1645 unum
921 1584 953 1644 P.
978 1583 1110 1663 Scipioni

96 1672 128 1734 P.
143 1674 272 1735 Africani
295 1675 369 1755 tilio,
392 1674 465 1734 nihil
480 1694 515 1734 ex
529 1683 652 1754 paterna
666 1677 819 1734 maiestate
843 1681 962 1751 praeter
981 1674 1111 1750 speciem

96 1765 225 1822 nominis
248 1766 438 1841 vigoremque
467 1763 652 1841 eloquentiae
682 1763 837 1842 retinenti,
864 1764 895 1820 in
923 1760 1111 1838 adoptionem

98 1850 232 1931 dederat,
256 1852 381 1911 alterum
404 1851 494 1911 Fabio
508 1851 643 1911 Maximo.
680 1851 755 1911 duos
778 1852 908 1909 minores
931 1855 1002 1907 natu
1026 1865 1110 1926 prae·

97 1946 238 2019 textatos,
266 1957 325 2016 quo
352 1948 487 2017 tempore
515 1942 668 2000 victoriam
696 1940 820 2016 adeptus
849 1945 909 2018 est,
935 1934 1047 1996 hahuit.
1084 1937 1110 1995 is

57 2041 83 2080 20
97 2045 166 2087 cum
188 2029 220 2085 in
243 2029 381 2086 contione
403 2035 486 2086 extra
499 2027 605 2087 urbem
619 2029 862 2093 moremaiorum
876 2033 943 2085 ante
966 2024 1111 2104 triumphi
1125 2037 1142 2085 4

97 2115 175 2174 diem
203 2115 338 2174 ordinem
366 2122 500 2174 actorum
527 2133 650 2175 suorum
673 2121 931 2194 commemoraret,
961 2113 1033 2172 deos
1056 2115 1109 2171 im·

97 2203 230 2263 mortalis
253 2211 392 2281 precatus
416 2210 475 2283 est,
498 2211 544 2283 ut,
568 2206 594 2262 si
610 2205 677 2281 qtris
691 2220 795 2261 eorum
809 2202 955 2261 invideret
969 2200 1110 2280 operibus

97 2309 131 2350 ac
155 2292 291 2351 fortunae
314 2308 400 2372 suae,
422 2293 454 2350 in
476 2294 575 2369 ipsum
597 2293 697 2370 potius
721 2292 869 2349 saevirent
892 2306 980 2366 quam
1000 2291 1031 2347 in
1046 2305 1111 2347 rem

96 2378 253 2458 putham.
299 2397 374 2458 qnae
401 2397 458 2438 vox
485 2380 578 2440 veluti
607 2378 726 2439 oraculo
756 2380 863 2437 emissa
894 2393 999 2455 magna
1025 2382 1141 2455 parter

169 2679 182 2724 1
204 2673 413 2727 conniterentur
426 2673 561 2727 Heinsius
615 2671 762 2742 aprioreis
778 2671 837 2740 (ais
852 2671 890 2740 A)
904 2670 964 2724 ΑΡ
1016 2676 1031 2723 3
1047 2687 1111 2724 oum

97 2743 160 2796 odd.
181 2742 297 2797 Gladius
388 2749 406 2796 4
425 2742 597 2798 *intulissem
613 2742 776 2798 >contulerit
792 2742 836 2795 his
856 2744 885 2795 et
902 2742 967 2809 AP,
985 2741 1015 2794 in
1033 2757 1111 2795 aera-

96 2812 169 2865 rium
197 2829 260 2866 cum
284 2814 426 2868 intulisset
450 2814 607 2882 Frdhla'clrl
632 2813 757 2868 omnium
784 2828 833 2866 om.
857 2814 886 2866 A
972 2818 987 2866 ‘l
1016 2811 1111 2880 Olym·

95 2882 191 2951 picum
218 2884 282 2952 ΑΡ,
297 2896 358 2938 ‘erra
386 2883 508 2954 Sylbarp
523 2886 528 2955 Ι
545 2901 608 2938 cum
634 2885 662 2938 A
679 2886 682 2951 Ι
698 2899 747 2936 rex
774 2884 877 2937 Aldus:
905 2899 1001 2952 regem
1027 2881 1108 2952 APl

95 2953 291 3008 Ptolomaeum
318 2956 358 3022 A,
390 2956 453 3008 item
481 2957 554 3010 oliae
679 2961 694 3008 9
726 2953 776 3023 M.]
800 2955 881 3008 immo
908 2953 936 3007 O.
954 2953 958 3023 l
974 2951 1111 3021 Popillius

95 3024 228 3094 Kreyssip
309 3031 342 3079 10
363 3027 393 3079 et
411 3024 449 3080 P:
475 3029 507 3079 ui
526 3026 561 3094 A,
587 3025 776 3092 mandataque
796 3026 864 3079 ute
904 3024 989 3088 osuit,
1015 3038 1112 3090 regem

96 3095 192 3150 Haase
286 3103 319 3150 12
346 3096 553 3152 cunctationem
570 3097 718 3151 Acidaliae
812 3101 882 3148 190
919 3094 1064 3163 &tumque
1085 3092 1114 3145 P

98 3167 164 3232 (ooo
181 3167 219 3235 A)
315 3174 349 3222 14
367 3168 565 3223 Macedonicae
582 3167 732 3222 Roman:
750 3181 870 3235 magnae
888 3164 965 3232 APl
982 3164 1124 3230 compote¹
1143 3180 1146 3185 ·

96 3236 172 3301 ΑΡΙ
189 3239 309 3305 quatuor
328 3239 356 3291 P
466 3244 498 3293 15
517 3239 573 3292 duo
591 3239 628 3308 A,
646 3239 693 3292 sed
710 3255 735 3293 o.
756 3242 788 3291 18
808 3236 877 3289 duos
984 3239 1016 3287 19
1035 3232 1112 3287 domi

96 3305 197 3360 habuit
213 3307 323 3363 Roma.
341 3311 345 3378 Ι
365 3309 454 3365 istum
472 3310 502 3363 in
519 3311 548 3363 A
647 3314 682 3362 20
700 3310 766 3362 ante
784 3305 958 3375 triumphum
974 3304 1112 3374 triumphi

96 3378 156 3444 (hoc
173 3392 229 3433 ooc.
248 3384 424 3451 expectatam)
442 3381 518 3435 diem
535 3381 564 3434 A
636 3386 669 3433 21
688 3378 718 3432 in
737 3378 863 3432 ordinem
880 3379 908 3431 A
924 3379 929 3448 Ι
945 3377 1071 3432 actorum
1089 3393 1110 3430 s

97 3448 174 3503 MA:
194 3465 306 3504 suorum
326 3453 452 3506 actorum
472 3453 501 3505 P
573 3456 607 3504 23
626 3449 748 3505 saeviret
764 3449 796 3503 A.
