2422 3848
492 187 514 224 c.
536 175 658 226 12-15.
947 172 949 175 ’
1039 171 1080 236 31

69 355 153 398 suae:
191 335 396 416 ecquandone,
430 337 540 417 inquit,
572 338 734 416 propinqui
766 338 925 417 amicique,
958 338 1085 397 similem

68 427 126 485 mei
153 428 248 486 civem
274 423 395 484 habebit
422 421 634 504 respublica?
678 423 758 484 hunc
788 424 878 484 finem
901 425 1113 498 clarissimusa

67 516 182 575 iuvenis
206 516 281 574 vitae
305 512 422 573 hahuit:
453 515 539 573 cuius
554 531 670 573 morum
694 515 814 572 minime
830 514 983 573 omittatur
998 532 1083 594 argu·

67 610 209 662 mentum.
256 620 325 662 cum
353 601 522 662 aedificaret
550 602 670 662 domum
696 603 728 660 in
755 600 866 686 Palatio
895 603 926 660 in
950 620 985 661 eo
1008 602 1084 684 loco,

40 689 119 751 suhi
143 699 188 751 est
202 709 277 768 quae
295 689 444 769 quondam
459 689 624 770 Ciceronis,
648 707 716 749 mox
732 688 887 749 Censorini
910 691 980 768 fuit,
1003 708 1084 751 nunc

68 778 176 838 Statilii
198 779 341 839 Sisennae
365 787 425 860 est,
447 781 695 857 promitteretque
719 780 747 838 ei
770 777 964 859 architectus,
987 781 1027 839 ita
1051 797 1083 839 se

67 886 132 927 eam
159 867 396 946 aedificaturum,
422 875 457 927 ut
483 866 560 927 liber
587 885 604 926 a
632 874 794 944 conspectu
821 868 1021 945 immunisque
1047 867 1083 927 ah

66 954 206 1014 omnihus
233 953 353 1015 arbitris
383 961 463 1014 esset
485 972 583 1032 neque
608 957 762 1033 qnisquam
786 956 817 1013 in
841 972 905 1014 eam
929 955 1083 1034 despicere

65 1050 181 1123 posset,
209 1050 242 1102 tu
264 1060 348 1124 vero,
372 1044 484 1123 inquit,
511 1045 537 1102 si
560 1042 631 1120 quid
655 1044 686 1101 in
709 1049 739 1100 te
762 1044 835 1101 artis
858 1048 917 1120 est,
940 1045 981 1102 ita
1005 1062 1082 1103 com·

25 1151 52 1189 ιο
66 1149 143 1210 pone
169 1130 289 1192 domum
313 1148 423 1212 meam,
446 1139 492 1210 ut,
517 1130 661 1209 quidquid
675 1147 771 1211 agam,
795 1129 831 1189 ab
856 1129 993 1191 omnihus
1016 1149 1083 1209 per-

67 1221 142 1299 spici
164 1221 267 1298 possit.

157 1304 206 1368 15.
243 1307 323 1367 Mors
351 1307 440 1368 Drusi
469 1309 527 1367 iam
554 1306 670 1386 pridem
698 1314 869 1367 tumescens
899 1305 1010 1366 bellum
1034 1321 1113 1369 err-1

67 1397 166 1456 citavit
180 1394 330 1476 italicum;
354 1398 463 1475 quippe
487 1394 519 1455 L.
534 1394 658 1455 Caesare
684 1402 714 1455 et
736 1394 768 1454 P.
782 1394 894 1455 Rutilio
910 1394 1083 1456 consulibus

68 1484 174 1544 abhinc
198 1503 291 1545 annos
315 1493 436 1544 centum
458 1485 574 1565 viginti,
597 1485 736 1543 universa
757 1482 853 1564 ltalia,
877 1502 946 1545 cum
968 1483 999 1543 id
1023 1502 1083 1544 ma-

25 1592 51 1632 15
68 1572 131 1632 lum
154 1572 189 1632 ah
204 1572 359 1633 Asculanis
376 1580 475 1634 ortum
490 1580 569 1632 esset
593 1567 717 1653 (quippe
734 1570 891 1631 Servilium
914 1580 1084 1650 praetorem

67 1659 283 1740 Fonteiumque
306 1661 436 1740 legatum
459 1654 645 1741 occiderant)
674 1677 707 1719 ac
736 1659 842 1720 deinde
866 1678 881 1719 a
904 1658 1009 1719 Marsis
1033 1679 1081 1720 ex-

67 1756 187 1828 ceptum
210 1752 240 1809 in
265 1753 361 1810 omnis
383 1757 570 1828 penetrasset
592 1749 743 1828 regiones,
767 1766 846 1808 arma
868 1747 1010 1808 adversus
1024 1748 1082 1808 Ro-

66 1856 169 1897 manos
199 1840 287 1916 cepit.
332 1856 460 1916 quorum
488 1846 522 1898 ut
553 1838 673 1896 fortuna
705 1843 802 1918 atrox,
833 1838 874 1896 ita
907 1854 995 1896 causa
1026 1837 1113 1898 luith

66 1928 243 1986 iustissima:
274 1925 416 2004 petebant
439 1927 518 1985 enim
541 1943 606 1985 eam
630 1926 791 2005 civitatem,
815 1927 900 1985 cuius
923 1926 1083 2004 imperium

25 2036 53 2075 ao
68 2015 158 2073 armis
182 2013 356 2074 tuebantur:
384 2032 438 2092 per
461 2016 557 2073 omnis
581 2031 674 2072 annos
698 2021 786 2090 atque
810 2015 907 2073 omnia
931 2013 1006 2074 bella
1030 2014 1083 2074 du-

66 2102 136 2180 plici
164 2120 289 2161 numero
314 2119 345 2160 se
369 2101 496 2160 militum
519 2103 712 2179 equitumque
736 2102 819 2179 fungi
842 2120 939 2180 neque
963 2104 994 2161 in
1018 2105 1083 2163 eius

67 2192 194 2250 civitatis
218 2192 264 2250 ius
288 2192 396 2270 recipi,
420 2207 495 2267 quae
518 2207 573 2268 per
597 2207 647 2248 eos
671 2190 702 2248 in
725 2189 755 2248 id
778 2192 877 2267 ipsum
897 2192 1083 2267 pervenisset

66 2280 229 2359 fastigium,
253 2297 307 2356 per
331 2279 410 2356 quod
432 2278 568 2337 homines
583 2276 717 2338 eiusdem
731 2284 761 2336 et
775 2279 872 2354 gentis
887 2286 917 2337 et
931 2280 1082 2356 sanguinis

66 2374 100 2425 ut
123 2374 263 2427 externos
287 2367 458 2445 alienosque
473 2367 605 2426 fastidire
628 2372 739 2443 posset.
778 2365 808 2424 id
831 2365 942 2425 bellum
957 2366 1112 2444 amplius3

25 2477 52 2516 25
66 2462 200 2516 trecenta
223 2455 303 2515 milia
320 2457 483 2516 iuventutis
497 2454 614 2515 ltalicae
638 2452 767 2513 abstulit.
805 2453 960 2513 clarissimi
983 2462 1083 2515 autem

66 2545 262 2621 imperatores
290 2544 412 2604 suerunt
434 2543 559 2602 Romani
587 2561 622 2603 eo
650 2541 728 2601 hello
753 2541 804 2602 Cn.
827 2542 1000 2623 Pompeius,
1029 2542 1082 2604 Cn.

64 2630 188 2710 Pompei
215 2631 313 2710 Magni
334 2640 433 2712 pater,
461 2630 492 2691 C.
515 2630 640 2706 Marius,
669 2630 705 2690 de
730 2649 789 2708 quo
812 2631 1026 2712 praediximus,
1049 2630 1082 2692 L.

136 2825 153 2872 4
171 2819 286 2873 domum
305 2819 382 2872 MA:
405 2820 540 2889 templum
561 2819 589 2871 P
662 2825 677 2873 'l
695 2817 786 2872 libera
804 2834 822 2871 a
840 2819 904 2886 ΑΡ,
923 2835 970 2873 em.
990 2819 1081 2873 Flora

65 2890 119 2944 lica
217 2894 232 2942 8
251 2889 363 2943 arbitris
383 2891 431 2944 M:
456 2906 505 2944 om.
524 2890 560 2958 A,
583 2889 745 2944 hominibus
765 2888 794 2940 P
810 2894 835 2942 et
853 2891 881 2942 A
899 2905 920 2944 s.
940 2889 1081 2958 14111111-

65 2976 127 3014 cere
146 2961 174 3013 A
272 2966 288 3013 9
310 2961 400 3029 possit
417 2962 476 3014 ΑΡ
499 2960 601 3030 [neque
671 2960 778 3030 posset]
803 2960 983 3014 Bochorno'us

65 3035 99 3084 10
118 3031 252 3099 quicquid
269 3031 328 3084 ΑΡ
399 3037 430 3085 11
450 3031 551 3101 possit]
571 3037 722 3100 sequuntur
739 3032 772 3085 a'oc
790 3031 849 3085 ΑΡ
864 3032 946 3084 cerba
963 3031 994 3083 in
1011 3030 1081 3099 logi-

63 3102 116 3155 bus
135 3101 256 3156 Gracchi
270 3143 277 3155 .
289 3143 312 3156 ..
328 3101 442 3156 condita
459 3104 514 3169 est,
532 3119 557 3158 o.
576 3104 658 3171 adp.
678 3108 721 3171 25,
741 3107 774 3155 21
832 3107 863 3155 13
882 3101 926 3171 Ρ.]
945 3100 1080 3169 Pompeio

63 3170 123 3225 AP
209 3178 243 3227 14
261 3172 342 3226 annis
360 3173 400 3241 A,
425 3178 456 3226 ot
473 3174 537 3226 itera
554 3173 612 3226 ΑΡ
630 3180 654 3240 2,
675 3178 717 3240 65,
737 3178 752 3224 2
772 3171 875 3225 abhinc
894 3172 985 3239 annis,
1009 3172 1081 3225 alios

63 3257 166 3309 seraper
189 3243 253 3296 abh.
273 3259 359 3298 annos
376 3244 379 3315 l
400 3244 531 3298 universa
548 3243 631 3297 Italia
655 3260 718 3297 cum
736 3242 767 3295 id
789 3242 895 3296 malum
913 3243 941 3295 A
959 3248 992 3296 ct
1010 3244 1079 3296 coni.

63 3313 155 3367 Aldus
180 3319 204 3366 et
224 3313 379 3369 Puteanus:
404 3333 467 3368 cum
485 3315 514 3368 id
532 3314 638 3368 malum
660 3313 691 3366 in
713 3312 845 3367 universa
862 3313 946 3367 ltalia
965 3314 993 3366 P
1080 3354 1094 3383 ,

64 3388 98 3438 15
118 3383 222 3453 quippe
241 3385 310 3438 AP:
330 3385 378 3453 qui
394 3386 424 3439 P.
444 3386 579 3440 Heinsius
595 3385 599 3455 Ι
616 3383 744 3438 Seruium
760 3384 827 3454 AP,
842 3401 894 3438 ean.
913 3384 1006 3436 Aldus

64 3459 99 3509 1c
117 3455 349 3522 Fontemiumque
369 3455 433 3510 MA
506 3461 539 3513 2‘1
558 3455 695 3528 Pompeii
713 3455 739 3510 P
