<?xml version="1.0" encoding="UTF-8"?>
<!DOCTYPE html PUBLIC "-//W3C//DTD XHTML 1.0 Transitional//EN"
    "http://www.w3.org/TR/xhtml1/DTD/xhtml1-transitional.dtd">
<html xmlns="http://www.w3.org/1999/xhtml" xml:lang="en" lang="en">
 <head>
  <title>
</title>
<meta http-equiv="Content-Type" content="text/html;charset=utf-8" />
  <meta name='ocr-system' content='tesseract 3.04.00' />
  <meta name='ocr-capabilities' content='ocr_page ocr_carea ocr_par ocr_line ocrx_word'/>
</head>
<body>
  <div class='ocr_page' id='page_1' title='image "./exhistoriaeroma00pategoog/exhistoriaeroma00pategoog_0082.png"; bbox 0 0 2422 3848; ppageno 0'>
   <div class='ocr_carea' id='block_1_1' title="bbox 488 157 1082 220">
    <p class='ocr_par' dir='ltr' id='par_1_1' title="bbox 488 157 1082 220">
     <span class='ocr_line' id='line_1_1' title="bbox 488 157 1082 220; baseline 0.002 -10"><span class='ocrx_word' id='word_1_1' title='bbox 488 173 511 210; x_wconf 91' lang='lat' dir='ltr'><strong>c.</strong></span> <span class='ocrx_word' id='word_1_2' title='bbox 531 161 655 212; x_wconf 76' lang='lat'><strong><em>57—59.</em></strong></span> <span class='ocrx_word' id='word_1_3' title='bbox 1042 157 1082 220; x_wconf 74' lang='lat' dir='ltr'><strong>‘ll</strong></span> 
     </span>
    </p>
   </div>
   <div class='ocr_carea' id='block_1_2' title="bbox 20 321 1113 2346">
    <p class='ocr_par' dir='ltr' id='par_1_2' title="bbox 20 321 1113 2346">
     <span class='ocr_line' id='line_1_2' title="bbox 66 321 1113 403; baseline 0.004 -21"><span class='ocrx_word' id='word_1_4' title='bbox 66 323 123 384; x_wconf 88' lang='lat' dir='ltr'><strong>suit</strong></span> <span class='ocrx_word' id='word_1_5' title='bbox 151 321 182 382; x_wconf 87' lang='lat' dir='ltr'><strong>C.</strong></span> <span class='ocrx_word' id='word_1_6' title='bbox 211 322 349 383; x_wconf 86' lang='lat' dir='ltr'><strong>Octavius</strong></span> <span class='ocrx_word' id='word_1_7' title='bbox 377 332 411 382; x_wconf 91' lang='lat' dir='ltr'><strong>ut</strong></span> <span class='ocrx_word' id='word_1_8' title='bbox 439 341 499 382; x_wconf 91' lang='lat' dir='ltr'><strong>non</strong></span> <span class='ocrx_word' id='word_1_9' title='bbox 526 325 663 403; x_wconf 89' lang='lat' dir='ltr'><strong>patricia,</strong></span> <span class='ocrx_word' id='word_1_10' title='bbox 694 325 736 382; x_wconf 88' lang='lat' dir='ltr'><strong>ita</strong></span> <span class='ocrx_word' id='word_1_11' title='bbox 767 323 925 385; x_wconf 83' lang='lat' dir='ltr'>admodum</span> <span class='ocrx_word' id='word_1_12' title='bbox 949 326 1113 403; x_wconf 80' lang='lat' dir='ltr'><strong>speciosae</strong></span> 
     </span>
     <span class='ocr_line' id='line_1_3' title="bbox 66 411 1083 494; baseline 0.003 -23"><span class='ocrx_word' id='word_1_13' title='bbox 66 413 200 490; x_wconf 81' lang='lat' dir='ltr'>equestri</span> <span class='ocrx_word' id='word_1_14' title='bbox 223 413 342 491; x_wconf 86' lang='lat' dir='ltr'><strong>genitus</strong></span> <span class='ocrx_word' id='word_1_15' title='bbox 364 411 487 492; x_wconf 83' lang='lat' dir='ltr'><strong>familia,</strong></span> <span class='ocrx_word' id='word_1_16' title='bbox 515 413 626 492; x_wconf 82' lang='lat' dir='ltr'><strong>gravis,</strong></span> <span class='ocrx_word' id='word_1_17' title='bbox 654 419 788 493; x_wconf 87' lang='lat' dir='ltr'><strong>sanetus,</strong></span> <span class='ocrx_word' id='word_1_18' title='bbox 811 415 969 494; x_wconf 80' lang='lat' dir='ltr'><strong>innocens,</strong></span> <span class='ocrx_word' id='word_1_19' title='bbox 992 413 1083 474; x_wconf 89' lang='lat' dir='ltr'><strong>dives.</strong></span> 
     </span>
     <span class='ocr_line' id='line_1_4' title="bbox 66 498 1083 582; baseline 0.001 -22"><span class='ocrx_word' id='word_1_20' title='bbox 66 500 114 560; x_wconf 89' lang='lat' dir='ltr'><strong>hie</strong></span> <span class='ocrx_word' id='word_1_21' title='bbox 142 508 262 579; x_wconf 89' lang='lat' dir='ltr'><strong>praetor</strong></span> <span class='ocrx_word' id='word_1_22' title='bbox 289 502 368 560; x_wconf 88' lang='lat' dir='ltr'><strong>inter</strong></span> <span class='ocrx_word' id='word_1_23' title='bbox 396 498 597 560; x_wconf 88' lang='lat' dir='ltr'><strong>nobilissimos</strong></span> <span class='ocrx_word' id='word_1_24' title='bbox 624 501 704 560; x_wconf 91' lang='lat' dir='ltr'><strong>viros</strong></span> <span class='ocrx_word' id='word_1_25' title='bbox 732 508 850 561; x_wconf 88' lang='lat' dir='ltr'><strong>creatus</strong></span> <span class='ocrx_word' id='word_1_26' title='bbox 880 503 977 580; x_wconf 91' lang='lat' dir='ltr'><strong>primo</strong></span> <span class='ocrx_word' id='word_1_27' title='bbox 1008 501 1083 582; x_wconf 89' lang='lat' dir='ltr'><strong>loco,</strong></span> 
     </span>
     <span class='ocr_line' id='line_1_5' title="bbox 66 587 1083 670; baseline 0.001 -21"><span class='ocrx_word' id='word_1_28' title='bbox 66 607 135 649; x_wconf 93' lang='lat' dir='ltr'><strong>cum</strong></span> <span class='ocrx_word' id='word_1_29' title='bbox 158 590 186 648; x_wconf 91' lang='lat' dir='ltr'><strong>ei</strong></span> <span class='ocrx_word' id='word_1_30' title='bbox 214 588 344 667; x_wconf 81' lang='lat' dir='ltr'><strong>dignatio</strong></span> <span class='ocrx_word' id='word_1_31' title='bbox 367 588 439 649; x_wconf 93' lang='lat' dir='ltr'><strong>lulia</strong></span> <span class='ocrx_word' id='word_1_32' title='bbox 463 591 592 668; x_wconf 84' lang='lat' dir='ltr'><strong>genitam</strong></span> <span class='ocrx_word' id='word_1_33' title='bbox 615 587 712 649; x_wconf 82' lang='lat' dir='ltr'><strong>Atiam</strong></span> <span class='ocrx_word' id='word_1_34' title='bbox 735 589 922 650; x_wconf 81' lang='lat' dir='ltr'><strong>conciliasset</strong></span> <span class='ocrx_word' id='word_1_35' title='bbox 949 608 1083 670; x_wconf 85' lang='lat' dir='ltr'><strong>uxorem,</strong></span> 
     </span>
     <span class='ocr_line' id='line_1_6' title="bbox 39 676 1084 757; baseline 0.002 -21"><span class='ocrx_word' id='word_1_36' title='bbox 39 689 103 737; x_wconf 66' lang='lat' dir='ltr'><strong>tex</strong></span> <span class='ocrx_word' id='word_1_37' title='bbox 135 695 171 737; x_wconf 92' lang='lat' dir='ltr'><strong>eo</strong></span> <span class='ocrx_word' id='word_1_38' title='bbox 203 677 316 737; x_wconf 91' lang='lat' dir='ltr'><strong>honore</strong></span> <span class='ocrx_word' id='word_1_39' title='bbox 350 679 474 738; x_wconf 87' lang='lat' dir='ltr'><strong>sortitus</strong></span> <span class='ocrx_word' id='word_1_40' title='bbox 501 676 702 737; x_wconf 90' lang='lat' dir='ltr'><strong>Macedoniam</strong></span> <span class='ocrx_word' id='word_1_41' title='bbox 735 677 958 757; x_wconf 88' lang='lat' dir='ltr'><strong>appellatusque</strong></span> <span class='ocrx_word' id='word_1_42' title='bbox 988 680 1021 736; x_wconf 91' lang='lat' dir='ltr'><strong>in</strong></span> <span class='ocrx_word' id='word_1_43' title='bbox 1049 696 1084 738; x_wconf 90' lang='lat' dir='ltr'><strong>ea</strong></span> 
     </span>
     <span class='ocr_line' id='line_1_7' title="bbox 66 765 1081 846; baseline 0 -20"><span class='ocrx_word' id='word_1_44' title='bbox 66 767 240 846; x_wconf 90' lang='lat' dir='ltr'><strong>imperator,</strong></span> <span class='ocrx_word' id='word_1_45' title='bbox 268 766 415 826; x_wconf 84' lang='lat' dir='ltr'><strong>decedens</strong></span> <span class='ocrx_word' id='word_1_46' title='bbox 444 765 480 826; x_wconf 90' lang='lat' dir='ltr'><strong>ad</strong></span> <span class='ocrx_word' id='word_1_47' title='bbox 507 767 683 845; x_wconf 88' lang='lat' dir='ltr'><strong>petitionem</strong></span> <span class='ocrx_word' id='word_1_48' title='bbox 706 766 878 827; x_wconf 87' lang='lat' dir='ltr'><strong>consulatus</strong></span> <span class='ocrx_word' id='word_1_49' title='bbox 902 765 976 826; x_wconf 89' lang='lat' dir='ltr'><strong>obiit</strong></span> <span class='ocrx_word' id='word_1_50' title='bbox 997 783 1081 845; x_wconf 89' lang='lat' dir='ltr'><strong>prae-</strong></span> 
     </span>
     <span class='ocr_line' id='line_1_8' title="bbox 65 851 1112 934; baseline 0 -19"><span class='ocrx_word' id='word_1_51' title='bbox 65 862 176 915; x_wconf 83' lang='lat' dir='ltr'><strong>textato</strong></span> <span class='ocrx_word' id='word_1_52' title='bbox 204 853 308 914; x_wconf 90' lang='lat' dir='ltr'><strong>relicto</strong></span> <span class='ocrx_word' id='word_1_53' title='bbox 336 853 404 914; x_wconf 86' lang='lat' dir='ltr'><strong>filio.</strong></span> <span class='ocrx_word' id='word_1_54' title='bbox 451 871 540 931; x_wconf 89' lang='lat' dir='ltr'><strong>quem</strong></span> <span class='ocrx_word' id='word_1_55' title='bbox 568 852 599 913; x_wconf 82' lang='lat' dir='ltr'><strong>G.</strong></span> <span class='ocrx_word' id='word_1_56' title='bbox 629 851 749 934; x_wconf 86' lang='lat' dir='ltr'><strong>Caesar,</strong></span> <span class='ocrx_word' id='word_1_57' title='bbox 777 857 872 914; x_wconf 91' lang='lat' dir='ltr'><strong>maior</strong></span> <span class='ocrx_word' id='word_1_58' title='bbox 898 857 964 914; x_wconf 90' lang='lat' dir='ltr'><strong>eius</strong></span> <span class='ocrx_word' id='word_1_59' title='bbox 992 869 1112 916; x_wconf 76' lang='lat' dir='ltr'><strong>evuin-3</strong></span> 
     </span>
     <span class='ocr_line' id='line_1_9' title="bbox 66 941 1081 1023; baseline 0 -20"><span class='ocrx_word' id='word_1_60' title='bbox 66 942 164 1022; x_wconf 85' lang='lat' dir='ltr'><strong>culus,</strong></span> <span class='ocrx_word' id='word_1_61' title='bbox 187 941 346 1003; x_wconf 89' lang='lat' dir='ltr'><strong>educatum</strong></span> <span class='ocrx_word' id='word_1_62' title='bbox 369 941 447 1020; x_wconf 91' lang='lat' dir='ltr'><strong>apud</strong></span> <span class='ocrx_word' id='word_1_63' title='bbox 461 941 631 1021; x_wconf 86' lang='lat' dir='ltr'><strong>Philippum</strong></span> <span class='ocrx_word' id='word_1_64' title='bbox 644 943 783 1002; x_wconf 88' lang='lat' dir='ltr'><strong>vitricum</strong></span> <span class='ocrx_word' id='word_1_65' title='bbox 801 942 904 1003; x_wconf 82' lang='lat' dir='ltr'><strong>dilexit</strong></span> <span class='ocrx_word' id='word_1_66' title='bbox 927 949 961 1002; x_wconf 90' lang='lat' dir='ltr'><strong>ut</strong></span> <span class='ocrx_word' id='word_1_67' title='bbox 984 961 1081 1023; x_wconf 90' lang='lat' dir='ltr'><strong>suum,</strong></span> 
     </span>
     <span class='ocr_line' id='line_1_10' title="bbox 65 1028 1081 1108; baseline 0.001 -18"><span class='ocrx_word' id='word_1_68' title='bbox 65 1038 227 1108; x_wconf 89' lang='lat' dir='ltr'><strong>natumque</strong></span> <span class='ocrx_word' id='word_1_69' title='bbox 264 1047 357 1090; x_wconf 92' lang='lat' dir='ltr'><strong>annos</strong></span> <span class='ocrx_word' id='word_1_70' title='bbox 394 1029 596 1108; x_wconf 86' lang='lat' dir='ltr'><strong>duodeviginti</strong></span> <span class='ocrx_word' id='word_1_71' title='bbox 632 1028 837 1107; x_wconf 88' lang='lat' dir='ltr'><strong>Hispaniensis</strong></span> <span class='ocrx_word' id='word_1_72' title='bbox 874 1030 995 1091; x_wconf 89' lang='lat' dir='ltr'><strong>militiae</strong></span> <span class='ocrx_word' id='word_1_73' title='bbox 1032 1031 1081 1092; x_wconf 91' lang='lat' dir='ltr'><strong>ad-</strong></span> 
     </span>
     <span class='ocr_line' id='line_1_11' title="bbox 21 1117 1081 1199; baseline 0 -20"><span class='ocrx_word' id='word_1_74' title='bbox 21 1133 51 1172; x_wconf 89' lang='lat'><strong>10</strong></span> <span class='ocrx_word' id='word_1_75' title='bbox 66 1127 205 1179; x_wconf 91' lang='lat' dir='ltr'><strong>secutum</strong></span> <span class='ocrx_word' id='word_1_76' title='bbox 231 1137 263 1178; x_wconf 91' lang='lat' dir='ltr'><strong>se</strong></span> <span class='ocrx_word' id='word_1_77' title='bbox 295 1127 399 1199; x_wconf 91' lang='lat' dir='ltr'><strong>postea</strong></span> <span class='ocrx_word' id='word_1_78' title='bbox 431 1120 569 1179; x_wconf 88' lang='lat' dir='ltr'><strong>comitem</strong></span> <span class='ocrx_word' id='word_1_79' title='bbox 600 1117 718 1196; x_wconf 87' lang='lat' dir='ltr'><strong>habuit,</strong></span> <span class='ocrx_word' id='word_1_80' title='bbox 747 1135 910 1197; x_wconf 85' lang='lat' dir='ltr'><strong>numquam</strong></span> <span class='ocrx_word' id='word_1_81' title='bbox 942 1126 993 1179; x_wconf 88' lang='lat' dir='ltr'><strong>ant</strong></span> <span class='ocrx_word' id='word_1_82' title='bbox 1025 1119 1081 1179; x_wconf 86' lang='lat' dir='ltr'><strong>alio</strong></span> 
     </span>
     <span class='ocr_line' id='line_1_12' title="bbox 64 1205 1080 1287; baseline 0 -20"><span class='ocrx_word' id='word_1_83' title='bbox 64 1226 153 1268; x_wconf 91' lang='lat' dir='ltr'><strong>usum</strong></span> <span class='ocrx_word' id='word_1_84' title='bbox 176 1207 305 1287; x_wconf 91' lang='lat' dir='ltr'><strong>hospitio</strong></span> <span class='ocrx_word' id='word_1_85' title='bbox 329 1225 418 1286; x_wconf 91' lang='lat' dir='ltr'><strong>quam</strong></span> <span class='ocrx_word' id='word_1_86' title='bbox 441 1225 495 1267; x_wconf 90' lang='lat' dir='ltr'><strong>suo</strong></span> <span class='ocrx_word' id='word_1_87' title='bbox 519 1214 570 1266; x_wconf 89' lang='lat' dir='ltr'><strong>aut</strong></span> <span class='ocrx_word' id='word_1_88' title='bbox 592 1205 648 1265; x_wconf 89' lang='lat' dir='ltr'><strong>alio</strong></span> <span class='ocrx_word' id='word_1_89' title='bbox 669 1213 788 1266; x_wconf 87' lang='lat' dir='ltr'><strong>vectum</strong></span> <span class='ocrx_word' id='word_1_90' title='bbox 811 1206 960 1287; x_wconf 84' lang='lat' dir='ltr'><strong>vehiculo,</strong></span> <span class='ocrx_word' id='word_1_91' title='bbox 983 1210 1080 1287; x_wconf 89' lang='lat' dir='ltr'><strong>ponti·</strong></span> 
     </span>
     <span class='ocr_line' id='line_1_13' title="bbox 63 1294 1113 1375; baseline 0.002 -19"><span class='ocrx_word' id='word_1_92' title='bbox 63 1297 228 1374; x_wconf 86' lang='lat' dir='ltr'><strong>ficatusqne</strong></span> <span class='ocrx_word' id='word_1_93' title='bbox 252 1295 418 1356; x_wconf 89' lang='lat' dir='ltr'><strong>sacerdotio</strong></span> <span class='ocrx_word' id='word_1_94' title='bbox 435 1313 564 1375; x_wconf 91' lang='lat' dir='ltr'><strong>puerum</strong></span> <span class='ocrx_word' id='word_1_95' title='bbox 586 1294 750 1357; x_wconf 86' lang='lat' dir='ltr'><strong>honorarit.</strong></span> <span class='ocrx_word' id='word_1_96' title='bbox 795 1302 826 1356; x_wconf 89' lang='lat' dir='ltr'><strong>et</strong></span> <span class='ocrx_word' id='word_1_97' title='bbox 848 1298 972 1374; x_wconf 89' lang='lat' dir='ltr'><strong>patratis</strong></span> <span class='ocrx_word' id='word_1_98' title='bbox 995 1294 1113 1358; x_wconf 80' lang='lat' dir='ltr'><strong>bellis4</strong></span> 
     </span>
     <span class='ocr_line' id='line_1_14' title="bbox 65 1382 1080 1464; baseline 0.001 -20"><span class='ocrx_word' id='word_1_99' title='bbox 65 1383 200 1445; x_wconf 90' lang='lat' dir='ltr'><strong>civilibus</strong></span> <span class='ocrx_word' id='word_1_100' title='bbox 233 1385 268 1445; x_wconf 93' lang='lat' dir='ltr'><strong>ad</strong></span> <span class='ocrx_word' id='word_1_101' title='bbox 302 1384 494 1445; x_wconf 91' lang='lat' dir='ltr'><strong>erudiendam</strong></span> <span class='ocrx_word' id='word_1_102' title='bbox 525 1382 697 1444; x_wconf 86' lang='lat' dir='ltr'><strong>liberalibus</strong></span> <span class='ocrx_word' id='word_1_103' title='bbox 727 1383 891 1463; x_wconf 89' lang='lat' dir='ltr'><strong>disciplinis</strong></span> <span class='ocrx_word' id='word_1_104' title='bbox 922 1384 1080 1464; x_wconf 84' lang='lat' dir='ltr'><strong>singularis</strong></span> 
     </span>
     <span class='ocr_line' id='line_1_15' title="bbox 64 1472 1080 1554; baseline 0.001 -22"><span class='ocrx_word' id='word_1_105' title='bbox 64 1473 194 1533; x_wconf 92' lang='lat' dir='ltr'><strong>indolem</strong></span> <span class='ocrx_word' id='word_1_106' title='bbox 216 1475 333 1533; x_wconf 90' lang='lat' dir='ltr'><strong>iuvenis</strong></span> <span class='ocrx_word' id='word_1_107' title='bbox 354 1472 539 1553; x_wconf 76' lang='lat' dir='ltr'><strong>Apolloniam</strong></span> <span class='ocrx_word' id='word_1_108' title='bbox 566 1490 635 1533; x_wconf 93' lang='lat' dir='ltr'><strong>eum</strong></span> <span class='ocrx_word' id='word_1_109' title='bbox 662 1474 693 1532; x_wconf 95' lang='lat' dir='ltr'><strong>in</strong></span> <span class='ocrx_word' id='word_1_110' title='bbox 721 1472 819 1532; x_wconf 86' lang='lat' dir='ltr'><strong>studia</strong></span> <span class='ocrx_word' id='word_1_111' title='bbox 846 1474 981 1554; x_wconf 87' lang='lat' dir='ltr'><strong>miserat,</strong></span> <span class='ocrx_word' id='word_1_112' title='bbox 1011 1491 1080 1533; x_wconf 81' lang='lat' dir='ltr'><strong>mnu</strong></span> 
     </span>
     <span class='ocr_line' id='line_1_16' title="bbox 24 1558 1080 1622; baseline 0.004 -5"><span class='ocrx_word' id='word_1_113' title='bbox 24 1559 135 1621; x_wconf 82' lang='lat' dir='ltr'><strong>robelli</strong></span> <span class='ocrx_word' id='word_1_114' title='bbox 162 1560 258 1621; x_wconf 83' lang='lat' dir='ltr'><strong>Getici</strong></span> <span class='ocrx_word' id='word_1_115' title='bbox 290 1579 323 1621; x_wconf 92' lang='lat' dir='ltr'><strong>ac</strong></span> <span class='ocrx_word' id='word_1_116' title='bbox 356 1561 462 1622; x_wconf 91' lang='lat' dir='ltr'><strong>deinde</strong></span> <span class='ocrx_word' id='word_1_117' title='bbox 490 1560 622 1621; x_wconf 86' lang='lat' dir='ltr'><strong>Parthici</strong></span> <span class='ocrx_word' id='word_1_118' title='bbox 652 1558 809 1621; x_wconf 89' lang='lat' dir='ltr'><strong>habiturus</strong></span> <span class='ocrx_word' id='word_1_119' title='bbox 840 1561 1080 1622; x_wconf 89' lang='lat' dir='ltr'><strong>commilitonem.</strong></span> 
     </span>
     <span class='ocr_line' id='line_1_17' title="bbox 65 1648 1111 1729; baseline 0.001 -20"><span class='ocrx_word' id='word_1_120' title='bbox 65 1651 113 1709; x_wconf 88' lang='lat' dir='ltr'><strong>cui</strong></span> <span class='ocrx_word' id='word_1_121' title='bbox 142 1658 176 1709; x_wconf 90' lang='lat' dir='ltr'><strong>ut</strong></span> <span class='ocrx_word' id='word_1_122' title='bbox 203 1656 249 1709; x_wconf 89' lang='lat' dir='ltr'><strong>est</strong></span> <span class='ocrx_word' id='word_1_123' title='bbox 278 1650 447 1709; x_wconf 90' lang='lat' dir='ltr'><strong>nuntiatum</strong></span> <span class='ocrx_word' id='word_1_124' title='bbox 474 1649 511 1709; x_wconf 92' lang='lat' dir='ltr'><strong>de</strong></span> <span class='ocrx_word' id='word_1_125' title='bbox 542 1649 631 1709; x_wconf 91' lang='lat' dir='ltr'><strong>caede</strong></span> <span class='ocrx_word' id='word_1_126' title='bbox 660 1648 811 1729; x_wconf 88' lang='lat' dir='ltr'><strong>avunculi,</strong></span> <span class='ocrx_word' id='word_1_127' title='bbox 843 1667 911 1709; x_wconf 90' lang='lat' dir='ltr'><strong>cum</strong></span> <span class='ocrx_word' id='word_1_128' title='bbox 943 1652 1111 1728; x_wconf 80' lang='lat' dir='ltr'><strong>protinust</strong></span> 
     </span>
     <span class='ocr_line' id='line_1_18' title="bbox 64 1736 1080 1816; baseline 0.001 -20"><span class='ocrx_word' id='word_1_129' title='bbox 64 1756 100 1796; x_wconf 83' lang='lat' dir='ltr'><strong>ex</strong></span> <span class='ocrx_word' id='word_1_130' title='bbox 114 1739 219 1797; x_wconf 87' lang='lat' dir='ltr'><strong>vicinis</strong></span> <span class='ocrx_word' id='word_1_131' title='bbox 241 1736 408 1816; x_wconf 82' lang='lat' dir='ltr'><strong>legionibus</strong></span> <span class='ocrx_word' id='word_1_132' title='bbox 432 1739 623 1798; x_wconf 87' lang='lat' dir='ltr'><strong>centuriones</strong></span> <span class='ocrx_word' id='word_1_133' title='bbox 638 1754 722 1796; x_wconf 92' lang='lat' dir='ltr'><strong>suam</strong></span> <span class='ocrx_word' id='word_1_134' title='bbox 746 1755 928 1815; x_wconf 85' lang='lat' dir='ltr'><strong>suorumque</strong></span> <span class='ocrx_word' id='word_1_135' title='bbox 951 1737 1080 1798; x_wconf 92' lang='lat' dir='ltr'><strong>militum</strong></span> 
     </span>
     <span class='ocr_line' id='line_1_19' title="bbox 63 1823 1080 1905; baseline 0.001 -21"><span class='ocrx_word' id='word_1_136' title='bbox 63 1843 185 1905; x_wconf 89' lang='lat' dir='ltr'><strong>operam</strong></span> <span class='ocrx_word' id='word_1_137' title='bbox 208 1827 236 1886; x_wconf 92' lang='lat' dir='ltr'><strong>ei</strong></span> <span class='ocrx_word' id='word_1_138' title='bbox 258 1825 471 1905; x_wconf 81' lang='lat' dir='ltr'><strong>pollicerentur</strong></span> <span class='ocrx_word' id='word_1_139' title='bbox 490 1843 588 1903; x_wconf 90' lang='lat' dir='ltr'><strong>neque</strong></span> <span class='ocrx_word' id='word_1_140' title='bbox 602 1843 667 1885; x_wconf 90' lang='lat' dir='ltr'><strong>eam</strong></span> <span class='ocrx_word' id='word_1_141' title='bbox 681 1824 879 1903; x_wconf 89' lang='lat' dir='ltr'><strong>spernendam</strong></span> <span class='ocrx_word' id='word_1_142' title='bbox 895 1823 1080 1886; x_wconf 79' lang='lat' dir='ltr'><strong>Salvidienus</strong></span> 
     </span>
     <span class='ocr_line' id='line_1_20' title="bbox 64 1912 1079 1994; baseline 0.001 -21"><span class='ocrx_word' id='word_1_143' title='bbox 64 1921 94 1973; x_wconf 91' lang='lat' dir='ltr'><strong>et</strong></span> <span class='ocrx_word' id='word_1_144' title='bbox 123 1913 252 1993; x_wconf 78' lang='lat' dir='ltr'><strong>Agrippa</strong></span> <span class='ocrx_word' id='word_1_145' title='bbox 285 1913 431 1994; x_wconf 88' lang='lat' dir='ltr'><strong>dicerent,</strong></span> <span class='ocrx_word' id='word_1_146' title='bbox 463 1913 512 1974; x_wconf 93' lang='lat' dir='ltr'><strong>ille</strong></span> <span class='ocrx_word' id='word_1_147' title='bbox 544 1914 688 1974; x_wconf 90' lang='lat' dir='ltr'><strong>festinans</strong></span> <span class='ocrx_word' id='word_1_148' title='bbox 715 1915 877 1992; x_wconf 90' lang='lat' dir='ltr'><strong>pervenire</strong></span> <span class='ocrx_word' id='word_1_149' title='bbox 909 1916 940 1973; x_wconf 93' lang='lat' dir='ltr'><strong>in</strong></span> <span class='ocrx_word' id='word_1_150' title='bbox 973 1912 1079 1974; x_wconf 90' lang='lat' dir='ltr'><strong>urbem</strong></span> 
     </span>
     <span class='ocr_line' id='line_1_21' title="bbox 20 2001 1078 2063; baseline 0.004 -5"><span class='ocrx_word' id='word_1_151' title='bbox 20 2017 49 2058; x_wconf 81' lang='lat' dir='ltr'><strong>eo</strong></span> <span class='ocrx_word' id='word_1_152' title='bbox 64 2019 182 2062; x_wconf 93' lang='lat' dir='ltr'><strong>omnem</strong></span> <span class='ocrx_word' id='word_1_153' title='bbox 206 2001 342 2063; x_wconf 90' lang='lat' dir='ltr'><strong>ordinem</strong></span> <span class='ocrx_word' id='word_1_154' title='bbox 364 2020 398 2061; x_wconf 91' lang='lat' dir='ltr'><strong>ac</strong></span> <span class='ocrx_word' id='word_1_155' title='bbox 421 2003 568 2061; x_wconf 91' lang='lat' dir='ltr'><strong>rationem</strong></span> <span class='ocrx_word' id='word_1_156' title='bbox 590 2011 620 2062; x_wconf 90' lang='lat' dir='ltr'><strong>et</strong></span> <span class='ocrx_word' id='word_1_157' title='bbox 643 2003 725 2062; x_wconf 89' lang='lat' dir='ltr'><strong>necis</strong></span> <span class='ocrx_word' id='word_1_158' title='bbox 748 2010 777 2061; x_wconf 89' lang='lat' dir='ltr'><strong>et</strong></span> <span class='ocrx_word' id='word_1_159' title='bbox 799 2004 969 2063; x_wconf 88' lang='lat' dir='ltr'><strong>testamenti</strong></span> <span class='ocrx_word' id='word_1_160' title='bbox 982 2001 1078 2063; x_wconf 89' lang='lat' dir='ltr'><strong>Brun·</strong></span> 
     </span>
     <span class='ocr_line' id='line_1_22' title="bbox 63 2089 1111 2168; baseline 0.003 -19"><span class='ocrx_word' id='word_1_161' title='bbox 63 2090 143 2150; x_wconf 89' lang='lat' dir='ltr'><strong>dusii</strong></span> <span class='ocrx_word' id='word_1_162' title='bbox 166 2091 319 2168; x_wconf 84' lang='lat' dir='ltr'><strong>comperit.</strong></span> <span class='ocrx_word' id='word_1_163' title='bbox 365 2091 415 2150; x_wconf 90' lang='lat' dir='ltr'><strong>cui</strong></span> <span class='ocrx_word' id='word_1_164' title='bbox 437 2089 606 2150; x_wconf 86' lang='lat' dir='ltr'><strong>adventanti</strong></span> <span class='ocrx_word' id='word_1_165' title='bbox 620 2089 743 2150; x_wconf 90' lang='lat' dir='ltr'><strong>Romam</strong></span> <span class='ocrx_word' id='word_1_166' title='bbox 766 2092 893 2150; x_wconf 87' lang='lat' dir='ltr'><strong>inmanis</strong></span> <span class='ocrx_word' id='word_1_167' title='bbox 916 2093 1111 2152; x_wconf 77' lang='lat' dir='ltr'><strong>amicorumo</strong></span> 
     </span>
     <span class='ocr_line' id='line_1_23' title="bbox 63 2175 1079 2259; baseline 0.002 -22"><span class='ocrx_word' id='word_1_168' title='bbox 63 2178 197 2238; x_wconf 89' lang='lat' dir='ltr'><strong>occurrit</strong></span> <span class='ocrx_word' id='word_1_169' title='bbox 223 2179 405 2259; x_wconf 79' lang='lat' dir='ltr'><strong>frequentia,</strong></span> <span class='ocrx_word' id='word_1_170' title='bbox 438 2185 467 2238; x_wconf 91' lang='lat' dir='ltr'><strong>et</strong></span> <span class='ocrx_word' id='word_1_171' title='bbox 495 2196 563 2238; x_wconf 89' lang='lat' dir='ltr'><strong>cum</strong></span> <span class='ocrx_word' id='word_1_172' title='bbox 589 2181 715 2239; x_wconf 89' lang='lat' dir='ltr'><strong>intraret</strong></span> <span class='ocrx_word' id='word_1_173' title='bbox 742 2175 862 2258; x_wconf 87' lang='lat' dir='ltr'><strong>urbem,</strong></span> <span class='ocrx_word' id='word_1_174' title='bbox 894 2179 965 2239; x_wconf 87' lang='lat' dir='ltr'><strong>solis</strong></span> <span class='ocrx_word' id='word_1_175' title='bbox 997 2178 1079 2240; x_wconf 90' lang='lat' dir='ltr'><strong>orbis</strong></span> 
     </span>
     <span class='ocr_line' id='line_1_24' title="bbox 62 2266 1078 2346; baseline 0.001 -20"><span class='ocrx_word' id='word_1_176' title='bbox 62 2284 155 2346; x_wconf 91' lang='lat' dir='ltr'><strong>super</strong></span> <span class='ocrx_word' id='word_1_177' title='bbox 179 2274 268 2345; x_wconf 89' lang='lat' dir='ltr'><strong>caput</strong></span> <span class='ocrx_word' id='word_1_178' title='bbox 291 2268 355 2326; x_wconf 93' lang='lat' dir='ltr'><strong>eius</strong></span> <span class='ocrx_word' id='word_1_179' title='bbox 379 2273 518 2327; x_wconf 86' lang='lat' dir='ltr'><strong>curvatus</strong></span> <span class='ocrx_word' id='word_1_180' title='bbox 542 2267 703 2345; x_wconf 87' lang='lat' dir='ltr'><strong>aequaliter</strong></span> <span class='ocrx_word' id='word_1_181' title='bbox 726 2266 962 2345; x_wconf 90' lang='lat' dir='ltr'><strong>rotundatusque</strong></span> <span class='ocrx_word' id='word_1_182' title='bbox 984 2269 1015 2327; x_wconf 94' lang='lat' dir='ltr'><strong>in</strong></span> <span class='ocrx_word' id='word_1_183' title='bbox 1030 2285 1078 2327; x_wconf 89' lang='lat' dir='ltr'><strong>co·</strong></span> 
     </span>
    </p>
   </div>
   <div class='ocr_carea' id='block_1_3' title="bbox 60 2506 1079 3482">
    <p class='ocr_par' dir='ltr' id='par_1_3' title="bbox 60 2506 1079 3482">
     <span class='ocr_line' id='line_1_25' title="bbox 135 2506 1078 2589; baseline 0.001 -29"><span class='ocrx_word' id='word_1_184' title='bbox 135 2513 149 2560; x_wconf 94' lang='lat'>1</span> <span class='ocrx_word' id='word_1_185' title='bbox 166 2506 298 2561; x_wconf 80' lang='lat' dir='ltr'><strong>Octavius</strong></span> <span class='ocrx_word' id='word_1_186' title='bbox 313 2507 364 2577; x_wconf 82' lang='lat' dir='ltr'><strong>(oet</strong></span> <span class='ocrx_word' id='word_1_187' title='bbox 378 2506 498 2576; x_wconf 86' lang='lat' dir='ltr'><strong>Octavii)</strong></span> <span class='ocrx_word' id='word_1_188' title='bbox 512 2509 594 2577; x_wconf 84' lang='lat' dir='ltr'><strong>pater</strong></span> <span class='ocrx_word' id='word_1_189' title='bbox 608 2507 870 2589; x_wconf 76' lang='lat' dir='ltr'><strong>Cludieolspeciose</strong></span> <span class='ocrx_word' id='word_1_190' title='bbox 884 2506 912 2560; x_wconf 91' lang='lat' dir='ltr'><strong><em>A</em></strong></span> <span class='ocrx_word' id='word_1_191' title='bbox 967 2513 983 2561; x_wconf 84' lang='lat'><strong>3</strong></span> <span class='ocrx_word' id='word_1_192' title='bbox 998 2523 1078 2578; x_wconf 83' lang='lat' dir='ltr'><strong>prae-</strong></span> 
     </span>
     <span class='ocr_line' id='line_1_26' title="bbox 61 2577 1077 2645; baseline 0.001 -14"><span class='ocrx_word' id='word_1_193' title='bbox 61 2579 106 2632; x_wconf 86' lang='lat' dir='ltr'><strong>ter</strong></span> <span class='ocrx_word' id='word_1_194' title='bbox 123 2579 151 2631; x_wconf 94' lang='lat' dir='ltr'><strong><em>A</em></strong></span> <span class='ocrx_word' id='word_1_195' title='bbox 223 2577 360 2632; x_wconf 83' lang='lat' dir='ltr'><strong>4luliam</strong></span> <span class='ocrx_word' id='word_1_196' title='bbox 377 2579 405 2631; x_wconf 97' lang='lat' dir='ltr'><strong><em>A</em></strong></span> <span class='ocrx_word' id='word_1_197' title='bbox 421 2580 425 2644; x_wconf 94' lang='grc' dir='ltr'>Ι</span> <span class='ocrx_word' id='word_1_198' title='bbox 441 2578 537 2633; x_wconf 84' lang='lat' dir='ltr'><strong>Atiam</strong></span> <span class='ocrx_word' id='word_1_199' title='bbox 554 2579 595 2632; x_wconf 88' lang='lat' dir='ltr'><strong>A:</strong></span> <span class='ocrx_word' id='word_1_200' title='bbox 617 2578 733 2633; x_wconf 84' lang='lat' dir='ltr'><strong>Aeniam</strong></span> <span class='ocrx_word' id='word_1_201' title='bbox 753 2578 781 2631; x_wconf 93' lang='lat' dir='ltr'><em>P</em></span> <span class='ocrx_word' id='word_1_202' title='bbox 851 2578 994 2632; x_wconf 78' lang='lat' dir='ltr'><strong>tineam</strong></span> <span class='ocrx_word' id='word_1_203' title='bbox 1011 2578 1077 2645; x_wconf 91' lang='lat' dir='ltr'><strong>AP,</strong></span> 
     </span>
     <span class='ocr_line' id='line_1_27' title="bbox 61 2647 1078 2732; baseline 0.001 -29"><span class='ocrx_word' id='word_1_204' title='bbox 61 2665 110 2703; x_wconf 79' lang='lat' dir='ltr'><strong>ero.</strong></span> <span class='ocrx_word' id='word_1_205' title='bbox 130 2647 221 2703; x_wconf 70' lang='lat' dir='ltr'><strong>Galen.</strong></span> <span class='ocrx_word' id='word_1_206' title='bbox 240 2649 285 2715; x_wconf 88' lang='lat' dir='ltr'><strong>(ex</strong></span> <span class='ocrx_word' id='word_1_207' title='bbox 303 2665 337 2703; x_wconf 83' lang='lat' dir='ltr'><strong>ea</strong></span> <span class='ocrx_word' id='word_1_208' title='bbox 360 2649 488 2718; x_wconf 77' lang='lat' dir='ltr'><strong>Ursinus)</strong></span> <span class='ocrx_word' id='word_1_209' title='bbox 561 2649 677 2732; x_wconf 64' lang='lat' dir='ltr'><strong>llem]</strong></span> <span class='ocrx_word' id='word_1_210' title='bbox 696 2669 755 2704; x_wconf 82' lang='lat' dir='ltr'><strong>xvn</strong></span> <span class='ocrx_word' id='word_1_211' title='bbox 775 2648 940 2718; x_wconf 72' lang='lat' dir='ltr'><strong>Oudendorp</strong></span> <span class='ocrx_word' id='word_1_212' title='bbox 957 2652 961 2717; x_wconf 79' lang='grc' dir='ltr'>Ι</span> <span class='ocrx_word' id='word_1_213' title='bbox 976 2648 1078 2719; x_wconf 83' lang='lat' dir='ltr'><strong>Hispe-</strong></span> 
     </span>
     <span class='ocr_line' id='line_1_28' title="bbox 61 2718 1078 2803; baseline 0.001 -30"><span class='ocrx_word' id='word_1_214' title='bbox 61 2719 153 2773; x_wconf 89' lang='lat' dir='ltr'><strong>niensi</strong></span> <span class='ocrx_word' id='word_1_215' title='bbox 170 2718 274 2774; x_wconf 83' lang='lat' dir='ltr'><strong>militie</strong></span> <span class='ocrx_word' id='word_1_216' title='bbox 291 2720 371 2803; x_wconf 69' lang='grc' dir='ltr'><strong>Ηρι.Ι</strong></span> <span class='ocrx_word' id='word_1_217' title='bbox 425 2726 458 2774; x_wconf 81' lang='lat'><strong>12</strong></span> <span class='ocrx_word' id='word_1_218' title='bbox 477 2719 596 2789; x_wconf 77' lang='lat' dir='ltr'><strong>patratis</strong></span> <span class='ocrx_word' id='word_1_219' title='bbox 614 2720 717 2774; x_wconf 77' lang='lat' dir='ltr'><strong>Aldus:</strong></span> <span class='ocrx_word' id='word_1_220' title='bbox 736 2720 843 2788; x_wconf 83' lang='lat' dir='ltr'><strong>peratis</strong></span> <span class='ocrx_word' id='word_1_221' title='bbox 856 2720 916 2774; x_wconf 88' lang='grc' dir='ltr'><strong>ΑΡ</strong></span> <span class='ocrx_word' id='word_1_222' title='bbox 969 2727 1003 2774; x_wconf 87' lang='grc'><strong>13</strong></span> <span class='ocrx_word' id='word_1_223' title='bbox 1017 2737 1078 2775; x_wconf 84' lang='lat' dir='ltr'><strong>eru-</strong></span> 
     </span>
     <span class='ocr_line' id='line_1_29' title="bbox 61 2789 1077 2846; baseline 0 -2"><span class='ocrx_word' id='word_1_224' title='bbox 61 2789 195 2844; x_wconf 83' lang='lat' dir='ltr'><strong>diendam</strong></span> <span class='ocrx_word' id='word_1_225' title='bbox 212 2790 240 2842; x_wconf 91' lang='lat' dir='ltr'><strong><em>A</em></strong></span> <span class='ocrx_word' id='word_1_226' title='bbox 258 2795 291 2844; x_wconf 81' lang='lat' dir='ltr'><strong>ut</strong></span> <span class='ocrx_word' id='word_1_227' title='bbox 308 2792 378 2845; x_wconf 78' lang='lat' dir='ltr'><strong>coni.</strong></span> <span class='ocrx_word' id='word_1_228' title='bbox 397 2790 545 2845; x_wconf 75' lang='lat' dir='ltr'><strong>Ruhnken.</strong></span> <span class='ocrx_word' id='word_1_229' title='bbox 564 2789 746 2844; x_wconf 87' lang='lat' dir='ltr'><strong>erudiendum</strong></span> <span class='ocrx_word' id='word_1_230' title='bbox 766 2791 794 2842; x_wconf 94' lang='lat' dir='ltr'><em>P</em></span> <span class='ocrx_word' id='word_1_231' title='bbox 874 2796 907 2845; x_wconf 78' lang='lat'><strong>15</strong></span> <span class='ocrx_word' id='word_1_232' title='bbox 927 2790 1020 2846; x_wconf 79' lang='lat' dir='ltr'><strong>Getici</strong></span> <span class='ocrx_word' id='word_1_233' title='bbox 1037 2792 1077 2845; x_wconf 93' lang='lat' dir='ltr'><strong>A.</strong></span> 
     </span>
     <span class='ocr_line' id='line_1_30' title="bbox 64 2859 1079 2943; baseline 0.002 -29"><span class='ocrx_word' id='word_1_234' title='bbox 64 2859 177 2915; x_wconf 84' lang='lat' dir='ltr'><strong>Gethiei</strong></span> <span class='ocrx_word' id='word_1_235' title='bbox 196 2861 224 2913; x_wconf 93' lang='lat' dir='ltr'><strong><em>P</em></strong></span> <span class='ocrx_word' id='word_1_236' title='bbox 282 2867 313 2915; x_wconf 82' lang='grc'><strong>17</strong></span> <span class='ocrx_word' id='word_1_237' title='bbox 335 2879 399 2916; x_wconf 82' lang='lat' dir='ltr'><strong>suas</strong></span> <span class='ocrx_word' id='word_1_238' title='bbox 416 2860 476 2914; x_wconf 86' lang='grc' dir='ltr'><strong>ΑΡ</strong></span> <span class='ocrx_word' id='word_1_239' title='bbox 532 2865 565 2915; x_wconf 87' lang='grc'><strong>18</strong></span> <span class='ocrx_word' id='word_1_240' title='bbox 585 2861 754 2931; x_wconf 77' lang='lat' dir='ltr'><strong>pollicentur</strong></span> <span class='ocrx_word' id='word_1_241' title='bbox 772 2861 837 2915; x_wconf 89' lang='lat' dir='ltr'><strong>MA</strong></span> <span class='ocrx_word' id='word_1_242' title='bbox 897 2867 932 2915; x_wconf 81' lang='lat'><strong>20</strong></span> <span class='ocrx_word' id='word_1_243' title='bbox 951 2861 1079 2943; x_wconf 82' lang='lat' dir='ltr'><strong>ordinem</strong></span> 
     </span>
     <span class='ocr_line' id='line_1_31' title="bbox 61 2931 1078 2998; baseline -0.001 -13"><span class='ocrx_word' id='word_1_244' title='bbox 61 2947 98 2985; x_wconf 82' lang='lat' dir='ltr'><strong>ac</strong></span> <span class='ocrx_word' id='word_1_245' title='bbox 116 2932 168 2985; x_wconf 86' lang='lat' dir='ltr'><strong>ret</strong></span> <span class='ocrx_word' id='word_1_246' title='bbox 187 2932 369 2986; x_wconf 63' lang='lat' dir='ltr'><strong>Mnemon</strong></span> <span class='ocrx_word' id='word_1_247' title='bbox 389 2931 594 2986; x_wconf 76' lang='lat' dir='ltr'><strong>ordinationem</strong></span> <span class='ocrx_word' id='word_1_248' title='bbox 611 2931 670 2984; x_wconf 84' lang='grc' dir='ltr'><strong>ΑΡ</strong></span> <span class='ocrx_word' id='word_1_249' title='bbox 740 2931 922 2998; x_wconf 74' lang='lat' dir='ltr'><strong>reintraret,</strong></span> <span class='ocrx_word' id='word_1_250' title='bbox 942 2931 1078 2986; x_wconf 87' lang='lat' dir='ltr'><strong>ciroaor-</strong></span> 
     </span>
     <span class='ocr_line' id='line_1_32' title="bbox 61 2974 1079 3086; baseline 0 -30"><span class='ocrx_word' id='word_1_251' title='bbox 61 3001 129 3056; x_wconf 88' lang='lat' dir='ltr'><strong>bem</strong></span> <span class='ocrx_word' id='word_1_252' title='bbox 147 3000 214 3056; x_wconf 84' lang='lat' dir='ltr'><strong>solis</strong></span> <span class='ocrx_word' id='word_1_253' title='bbox 233 3001 308 3056; x_wconf 86' lang='lat' dir='ltr'><strong>orbis</strong></span> <span class='ocrx_word' id='word_1_254' title='bbox 322 3003 418 3058; x_wconf 82' lang='lat' dir='ltr'><strong>Haase</strong></span> <span class='ocrx_word' id='word_1_255' title='bbox 489 3009 523 3057; x_wconf 79' lang='lat'><strong>23</strong></span> <span class='ocrx_word' id='word_1_256' title='bbox 541 2999 776 3086; x_wconf 86' lang='lat' dir='ltr'><strong>rutilatusqueG.</strong></span> <span class='ocrx_word' id='word_1_257' title='bbox 791 3004 827 3056; x_wconf 91' lang='lat' dir='ltr'><strong>A.</strong></span> <span class='ocrx_word' id='word_1_258' title='bbox 842 2974 950 3056; x_wconf 76' lang='lat' dir='ltr'><strong>Kooll‘</strong></span> <span class='ocrx_word' id='word_1_259' title='bbox 938 3019 970 3056; x_wconf 80' lang='lat' dir='ltr'><strong>en</strong></span> <span class='ocrx_word' id='word_1_260' title='bbox 981 3018 1079 3071; x_wconf 79' lang='lat' dir='ltr'><strong>propr.</strong></span> 
     </span>
     <span class='ocr_line' id='line_1_33' title="bbox 62 3072 1078 3143; baseline 0 -17"><span class='ocrx_word' id='word_1_261' title='bbox 62 3072 142 3140; x_wconf 75' lang='lat' dir='ltr'><strong>Lipo</strong></span> <span class='ocrx_word' id='word_1_262' title='bbox 161 3075 251 3142; x_wconf 85' lang='lat'>(1866)</span> <span class='ocrx_word' id='word_1_263' title='bbox 276 3074 312 3140; x_wconf 89' lang='grc'>1</span> <span class='ocrx_word' id='word_1_264' title='bbox 303 3092 333 3127; x_wconf 91' lang='lat' dir='ltr'><strong>m</strong></span> <span class='ocrx_word' id='word_1_265' title='bbox 360 3074 503 3128; x_wconf 89' lang='lat' dir='ltr'><strong>coloreum</strong></span> <span class='ocrx_word' id='word_1_266' title='bbox 525 3090 621 3128; x_wconf 79' lang='lat' dir='ltr'><strong>ereum</strong></span> <span class='ocrx_word' id='word_1_267' title='bbox 642 3074 789 3143; x_wconf 75' lang='lat' dir='ltr'><strong>Krep&#39;,</strong></span> <span class='ocrx_word' id='word_1_268' title='bbox 814 3072 845 3126; x_wconf 89' lang='lat' dir='ltr'><strong>in</strong></span> <span class='ocrx_word' id='word_1_269' title='bbox 867 3087 974 3126; x_wconf 87' lang='lat' dir='ltr'><strong>morem</strong></span> <span class='ocrx_word' id='word_1_270' title='bbox 997 3089 1078 3127; x_wconf 82' lang='lat' dir='ltr'><strong>arcus</strong></span> 
     </span>
     <span class='ocr_line' id='line_1_34' title="bbox 60 3143 1077 3225; baseline 0.001 -28"><span class='ocrx_word' id='word_1_271' title='bbox 60 3143 163 3212; x_wconf 44' lang='lat' dir='ltr'><strong>Bothe</strong></span> <span class='ocrx_word' id='word_1_272' title='bbox 185 3143 281 3210; x_wconf 77' lang='lat' dir='ltr'><strong>sort.</strong></span> <span class='ocrx_word' id='word_1_273' title='bbox 272 3161 303 3197; x_wconf 88' lang='grc' dir='ltr'><strong>ιιι</strong></span> <span class='ocrx_word' id='word_1_274' title='bbox 325 3143 460 3198; x_wconf 85' lang='lat' dir='ltr'><strong>circulum</strong></span> <span class='ocrx_word' id='word_1_275' title='bbox 483 3161 577 3211; x_wconf 80' lang='lat' dir='ltr'><strong>orons,</strong></span> <span class='ocrx_word' id='word_1_276' title='bbox 600 3144 635 3212; x_wconf 79' lang='lat' dir='ltr'><strong>cf.</strong></span> <span class='ocrx_word' id='word_1_277' title='bbox 654 3144 717 3198; x_wconf 76' lang='lat' dir='ltr'><strong>Sero.</strong></span> <span class='ocrx_word' id='word_1_278' title='bbox 768 3149 804 3197; x_wconf 86' lang='lat' dir='ltr'><strong>at.</strong></span> <span class='ocrx_word' id='word_1_279' title='bbox 826 3143 876 3225; x_wconf 73' lang='lat' dir='ltr'><strong>Qp</strong></span> <span class='ocrx_word' id='word_1_280' title='bbox 898 3149 922 3210; x_wconf 89' lang='lat'><strong>1,</strong></span> <span class='ocrx_word' id='word_1_281' title='bbox 941 3148 966 3209; x_wconf 81' lang='lat'><strong>2,</strong></span> <span class='ocrx_word' id='word_1_282' title='bbox 987 3149 1077 3198; x_wconf 85' lang='lat' dir='ltr'><strong>lme-</strong></span> 
     </span>
     <span class='ocr_line' id='line_1_35' title="bbox 61 3184 1078 3296; baseline 0.001 -29"><span class='ocrx_word' id='word_1_283' title='bbox 61 3185 170 3268; x_wconf 78' lang='lat' dir='ltr'><strong>mon‘ele</strong></span> <span class='ocrx_word' id='word_1_284' title='bbox 188 3213 331 3296; x_wconf 87' lang='lat' dir='ltr'><strong>proditum</strong></span> <span class='ocrx_word' id='word_1_285' title='bbox 349 3216 403 3281; x_wconf 88' lang='lat' dir='ltr'><strong>est,</strong></span> <span class='ocrx_word' id='word_1_286' title='bbox 426 3232 482 3296; x_wconf 80' lang='lat' dir='ltr'><strong>quo</strong></span> <span class='ocrx_word' id='word_1_287' title='bbox 501 3186 598 3269; x_wconf 79' lang='lat' dir='ltr'><strong>dieb.</strong></span> <span class='ocrx_word' id='word_1_288' title='bbox 616 3215 808 3284; x_wconf 78' lang='lat' dir='ltr'><strong>Augustus..</strong></span> <span class='ocrx_word' id='word_1_289' title='bbox 825 3184 978 3296; x_wconf 52' lang='lat' dir='ltr'><strong>‚intravit</strong></span> <span class='ocrx_word' id='word_1_290' title='bbox 1003 3213 1078 3268; x_wconf 80' lang='lat' dir='ltr'><strong>circe</strong></span> 
     </span>
     <span class='ocr_line' id='line_1_36' title="bbox 60 3283 1075 3353; baseline 0 -15"><span class='ocrx_word' id='word_1_291' title='bbox 60 3284 153 3339; x_wconf 83' lang='lat' dir='ltr'><strong>solem</strong></span> <span class='ocrx_word' id='word_1_292' title='bbox 170 3285 261 3338; x_wconf 86' lang='lat' dir='ltr'><strong>visum</strong></span> <span class='ocrx_word' id='word_1_293' title='bbox 279 3285 380 3341; x_wconf 84' lang='lat' dir='ltr'><strong>coloris</strong></span> <span class='ocrx_word' id='word_1_294' title='bbox 398 3285 470 3339; x_wconf 84' lang='lat' dir='ltr'><strong>varii</strong></span> <span class='ocrx_word' id='word_1_295' title='bbox 488 3285 636 3353; x_wconf 86' lang='lat' dir='ltr'><strong>circulum,</strong></span> <span class='ocrx_word' id='word_1_296' title='bbox 659 3284 752 3352; x_wconf 83' lang='lat' dir='ltr'><strong>qualis</strong></span> <span class='ocrx_word' id='word_1_297' title='bbox 775 3300 835 3339; x_wconf 88' lang='lat' dir='ltr'><strong>esse</strong></span> <span class='ocrx_word' id='word_1_298' title='bbox 857 3283 887 3338; x_wconf 91' lang='lat' dir='ltr'><strong>in</strong></span> <span class='ocrx_word' id='word_1_299' title='bbox 906 3300 973 3339; x_wconf 84' lang='lat' dir='ltr'><strong>ercu</strong></span> <span class='ocrx_word' id='word_1_300' title='bbox 991 3283 1075 3339; x_wconf 77' lang='lat' dir='ltr'><strong>solet:</strong></span> 
     </span>
     <span class='ocr_line' id='line_1_37' title="bbox 61 3354 1077 3426; baseline 0 -17"><span class='ocrx_word' id='word_1_301' title='bbox 61 3355 138 3410; x_wconf 85' lang='lat' dir='ltr'><strong>hunc</strong></span> <span class='ocrx_word' id='word_1_302' title='bbox 161 3355 261 3410; x_wconf 82' lang='lat' dir='ltr'><strong>Graeci</strong></span> <span class='ocrx_word' id='word_1_303' title='bbox 274 3357 349 3412; x_wconf 81' lang='lat' dir='ltr'><strong>halo</strong></span> <span class='ocrx_word' id='word_1_304' title='bbox 373 3357 488 3423; x_wconf 81' lang='lat' dir='ltr'><strong>vocant,</strong></span> <span class='ocrx_word' id='word_1_305' title='bbox 512 3373 563 3412; x_wconf 89' lang='lat' dir='ltr'><strong>nos</strong></span> <span class='ocrx_word' id='word_1_306' title='bbox 587 3355 680 3411; x_wconf 87' lang='lat' dir='ltr'><strong>dicere</strong></span> <span class='ocrx_word' id='word_1_307' title='bbox 699 3371 831 3410; x_wconf 84' lang='lat' dir='ltr'><strong>coronam</strong></span> <span class='ocrx_word' id='word_1_308' title='bbox 850 3354 994 3426; x_wconf 78' lang='lat' dir='ltr'><strong>aptissime</strong></span> <span class='ocrx_word' id='word_1_309' title='bbox 1012 3372 1077 3424; x_wconf 87' lang='lat' dir='ltr'><strong>pos-</strong></span> 
     </span>
     <span class='ocr_line' id='line_1_38' title="bbox 60 3425 158 3482; baseline -0.011 0"><span class='ocrx_word' id='word_1_310' title='bbox 60 3425 158 3482; x_wconf 82' lang='lat' dir='ltr'><strong>simos.</strong></span> 
     </span>
    </p>
   </div>
   <div class='ocr_carea' id='block_1_4' title="bbox 0 0 1216 3848">
    <p class='ocr_par' dir='ltr' id='par_1_4' title="bbox 0 0 1216 3848">
     <span class='ocr_line' id='line_1_39' title="bbox 0 0 1216 3848; baseline 0 1"><span class='ocrx_word' id='word_1_311' title='bbox 0 0 1216 3848; x_wconf 95' lang='lat' dir='ltr'><strong> </strong></span> 
     </span>
    </p>
   </div>
  </div>
 </body>
</html>
