2422 3848
520 165 543 202 c.
563 153 686 206 22-24.
1068 147 1117 212 39,

98 317 242 397 quidquid
270 319 385 377 sincera
413 315 470 375 fide
501 322 670 394 gereretur,
702 314 732 374 id
763 313 889 375 Romani
919 314 1016 376 Attica
1048 315 1113 376 lieri

97 406 312 486 praedicarent.
367 411 503 464 ceterum
539 412 603 464 tum
639 405 776 482 oppressi
808 402 985 464 Mithridatis
1022 406 1144 465 armies

98 496 232 556 homines
256 495 439 554 miserrimae
463 493 646 553 condicionis
673 492 800 552 cumab
824 493 951 552 inimicis
975 499 1112 553 teneren-

98 593 161 664 tur,
193 581 440 662 oppugnabantur
468 581 504 642 ab
535 582 637 642 amicis
669 588 701 642 et
731 582 844 640 animos
876 588 960 640 extra
987 583 1113 663 moenia,

71 685 84 725 ⁵
100 690 224 751 corpora
247 672 419 732 necessitati
433 673 598 731 servientes
612 672 690 730 intra
703 687 805 729 muros
819 667 975 729 habehant.
1017 679 1112 731 trans·
1127 682 1144 730 6

97 779 218 839 gressus
246 759 352 820 deinde
380 761 411 819 in
440 758 539 820 Asiam
562 758 643 819 Sulla
669 766 823 837 parentem
851 758 888 818 ad
916 760 1014 818 omnia
1044 776 1114 837 sup·

97 850 263 928 plicamque
291 847 492 908 Mithridatem
519 849 643 927 invenit,
676 865 766 925 quem
797 846 954 907 multatum
986 849 1114 925 pecunia

98 956 131 998 ac
159 944 244 1016 parte
272 938 391 996 navium
418 935 486 995 Asia
513 934 710 1020 omnibusque
739 934 803 994 aliis
832 936 1006 1017 provinciis,
1040 953 1114 1014 quas

99 1028 188 1085 armis
216 1033 424 1104 usurpaverat,
454 1023 598 1084 decedere
628 1024 737 1102 coegit,
770 1024 900 1101 captivos
928 1026 1055 1105 recepit,
1082 1026 1114 1084 in

58 1127 85 1166 1⁰
98 1114 237 1193 perfugas
259 1114 423 1190 noxiosque
446 1111 666 1192 animadvertit,
692 1113 837 1192 paternis,
860 1111 890 1171 id
914 1119 960 1171 est
982 1111 1114 1171 Ponticis

99 1201 207 1262 linibus
231 1209 404 1261 contentum
428 1219 494 1260 esse
517 1201 612 1261 iussit.
979 1250 981 1254 ,

187 1287 239 1350 24.
275 1288 307 1351 C.
322 1289 439 1349 Flavius
452 1288 596 1367 Fimbria,
619 1290 671 1367 qui
693 1288 863 1367 praefectus
887 1289 1022 1366 equitum
1045 1295 1144 1348 ante1

99 1381 256 1439 adventum
272 1377 370 1438 Sullae
385 1376 533 1438 Valerium
548 1367 687 1437 Flaccum
701 1376 889 1437 consularem
902 1377 1000 1437 virum
1022 1378 1113 1437 inter·

99 1469 210 1528 fecerat
242 1468 436 1545 exercituque
473 1473 617 1544 occupato
654 1468 816 1544 imperator
848 1463 1012 1543 appellatus
1044 1465 1115 1526 forti

58 1567 84 1607 15
98 1555 299 1616 Mithridatem
329 1555 484 1635 pepulerat
514 1553 642 1634 proelio,
675 1553 730 1614 sub
763 1553 922 1614 adventum
950 1552 1049 1614 Sullae
1082 1570 1115 1613 se

99 1647 163 1724 ipse
186 1645 350 1723 interemit,
373 1643 560 1723 adulescenS,
589 1661 664 1721 quae
687 1644 815 1720 pessime
840 1659 930 1702 ausus
954 1650 1031 1722 erat,
1055 1642 1114 1700 for·

100 1737 170 1794 titer
194 1738 344 1792 executus.
389 1731 494 1791 eodem
520 1749 598 1791 anno
621 1731 653 1790 P.
676 1728 789 1790 Laenas
816 1729 956 1790 tribunus
983 1730 1022 1808 pl.
1047 1728 1145 1790 Sene
1184 1806 1187 1813 ι

100 1821 260 1901 lzucilium,
287 1822 339 1898 qui
361 1822 461 1895 priore
485 1837 563 1879 anno
586 1818 726 1880 tribunus
748 1819 787 1897 pl.
811 1818 920 1898 fuerat,
950 1835 1020 1877 saxo
1043 1817 1114 1877 Tar-

100 1912 167 1989 peio
191 1909 311 1989 deiecit,
339 1915 369 1968 et
397 1926 466 1968 cum
493 1907 621 1986 collegae
650 1909 727 1987 ciue,
757 1906 867 1985 quibus
890 1906 969 1966 diem
992 1906 1116 1987 dixerat,

60 2011 87 2050 20
102 2005 183 2058 metu
199 1996 244 2057 ad
267 1996 379 2056 Sullam
401 1996 616 2076 profugissent,
646 2014 722 2074 aqua
748 1997 869 2074 ignique
893 1997 929 2055 iis
953 1994 1115 2055 interdixit.

101 2095 165 2147 tum
194 2084 275 2145 Sulla
302 2086 474 2163 compositis
503 2086 709 2144 transmarinis
740 2083 845 2163 rebus,
877 2101 946 2143 cum
977 2084 1023 2143 ad
1047 2095 1146 2144 eume

100 2176 231 2254 primum
259 2175 391 2233 omnium
414 2171 614 2232 Romanorum
642 2172 731 2251 legati
753 2171 933 2233 Parthorum
955 2173 1116 2253 venissent,

101 2271 132 2323 et
164 2265 194 2322 in
226 2264 263 2321 iis
295 2261 415 2339 quidam
446 2261 524 2338 magi
556 2279 593 2321 ex
621 2262 700 2320 notis
728 2262 863 2340 corporis
890 2258 1117 2338 respondissent

102 2351 260 2412 caelestem
283 2352 348 2410 eius
376 2352 465 2409 vitam
494 2356 524 2410 et
551 2351 725 2409 memoriam
751 2350 894 2429 futuram,
924 2355 1062 2408 revectus
1084 2349 1116 2407 in

60 2451 88 2492 25
101 2439 213 2500 ltaliam
246 2439 325 2499 haud
356 2439 442 2517 plura
475 2456 564 2516 quam
592 2439 713 2516 triginta
742 2445 924 2498 armatorum
956 2435 1035 2496 milia
1066 2435 1115 2495 ad-

101 2545 221 2588 versum
244 2528 371 2588 ducenta
394 2525 674 2605 ampliushostium
696 2528 833 2606 exposuit
854 2524 1025 2585 Brundusii.
1068 2525 1149 2584 vire
1202 2565 1205 2568 »

102 2615 262 2695 quidquam
285 2618 316 2676 in
333 2615 431 2676 Sullae
456 2614 597 2694 operibus
620 2615 729 2676 clarius
753 2615 900 2694 duxerim,
924 2631 1013 2692 quam
1037 2613 1116 2692 quod

175 2863 190 2911 1
209 2856 343 2925 quicquid
362 2858 390 2911 P
456 2865 472 2912 2
490 2859 552 2911 tum
570 2856 646 2910 MA:
666 2873 730 2911 cum
750 2856 778 2909 P
840 2855 1041 2910 coeremicola
1061 2869 1117 2908 ser-

101 2928 204 2982 uientia
223 2927 251 2980 A
323 2936 339 2984 6
357 2928 387 2982 in
404 2929 474 2983 Asia
491 2927 567 2995 APl
584 2927 621 2982 ad
637 2927 749 2981 Ranae.
768 2928 834 2981 anie
852 2926 911 2980 ΑΡ
992 2932 1008 2980 7
1027 2925 1118 2979 mulla

101 3000 163 3052 tum
180 2998 238 3051 ΑΡ
326 3005 360 3053 10
379 2999 528 3069 perfugam
546 2998 604 3052 AP
692 3004 724 3052 11
745 3014 805 3052 esee
824 2998 987 3052 contentum
1005 2997 1033 3049 A

104 3075 136 3125 12
155 3070 195 3124 At
212 3069 241 3123 0.
260 3069 390 3125 Herelius
444 3077 479 3125 14
496 3069 563 3124 forti
583 3069 739 3124 Puteanus:
757 3068 835 3123 fonte
852 3068 916 3134 AP,
935 3084 974 3122 aa
992 3065 1118 3136 sponte?

103 3146 137 3195 15
155 3139 339 3194 Mithridaten
357 3141 404 3267 Ρὲ
421 3141 543 3196 adventu
561 3139 620 3193 ΑΡ
704 3145 737 3193 16
756 3139 894 3207 pessimae
912 3137 941 3190 A
1021 3143 1053 3191 17
1072 3135 1116 3207 P.]

101 3211 239 3280 Popillius
258 3212 349 3266 Aldus
365 3211 369 3283 Ι
406 3214 461 3266 exi.
482 3212 510 3265 P
527 3211 595 3278 (noc
612 3210 650 3279 A)
724 3213 757 3263 18
776 3208 825 3277 qui
842 3208 872 3261 in
889 3208 982 3278 priore
1000 3207 1059 3260 ΑΡ

102 3288 138 3336 20
155 3283 235 3336 motu
252 3283 317 3350 AP,
336 3299 383 3338 een.
401 3283 496 3337 Boreo·
511 3282 515 3354 Ι
530 3280 720 3350 perfugissent
735 3279 836 3333 Baiter
906 3285 941 3333 23
959 3278 1031 3332 inis
1049 3279 1077 3333 A

91 3358 138 3414 ,24
156 3352 217 3407 uita
233 3353 265 3407 in
281 3355 360 3422 (corr.
380 3354 411 3408 in
427 3353 527 3424 uilem)
546 3354 576 3406 el
592 3350 758 3406 memoriam
775 3350 804 3403 A
867 3356 967 3412 26⁷OE
985 3350 1049 3418 AP,
1068 3349 1118 3404 du·

102 3423 283 3489 centemilia
298 3426 388 3495 uulgo,
406 3425 443 3492 ef.
461 3424 499 3479 ud
515 3441 543 3494 p.
563 3429 606 3491 36,
625 3419 838 3494 201Brundisii
856 3420 984 3478 Gelenius
