2422 3848
106 164 151 228 40
602 161 630 215 Π

108 349 178 392 cum
209 349 264 409 per
297 331 458 391 triennium
482 327 630 388 Cinnanae
653 325 860 407 Marianaeqne
883 335 983 407 partes
1010 327 1132 388 ltaliam

109 418 293 500 obsiderent,
330 436 428 496 neque
460 416 622 478 inlaturum
654 433 686 475 se
718 414 829 476 bellum
861 418 898 476 iis
930 415 1133 477 dissimulavit

108 526 164 568 nec
196 507 274 587 quod
307 515 371 567 erat
402 509 433 566 in
466 504 603 566 manibus
634 504 746 585 omisit,
783 506 1019 583 existimavitque
1056 512 1132 565 ante

107 596 304 675 frangendum
326 595 444 654 hostem
466 611 555 672 quam
578 591 783 653 ulciscendum
807 595 914 675 civem,
943 593 1130 673 repulsoque

108 692 231 745 externo
254 691 350 763 metu,
373 682 425 744 ubi
443 681 527 760 quod
551 681 680 742 alienum
704 690 784 742 esset
806 682 939 763 vicisset,
967 690 1160 762 superareta

76 774 188 851 aquod
217 782 281 834 erat
308 772 513 832 domesticum.
559 778 627 831 ante
658 769 817 830 adventum
844 769 876 830 L.
905 769 1003 831 Sullae
1031 769 1133 831 Cinna

108 862 253 922 seditione
282 868 348 921 orta
377 858 413 920 ab
441 861 574 920 exercitu
604 861 802 937 interemptus
834 867 893 939 est,
922 862 968 919 vir
999 859 1134 942 dignior,

108 953 160 1028 qui
187 949 309 1010 arbitrio
332 951 480 1009 victorum
508 956 677 1009 moreretur
700 964 789 1026 quam
812 948 965 1010 iracundia
987 947 1130 1008 militum.

108 1038 144 1097 de
168 1056 227 1117 quo
250 1056 319 1098 vere
343 1037 402 1098 dici
424 1044 535 1119 potest,
563 1054 668 1098 ausum
696 1054 765 1096 eum
789 1054 864 1114 quae
888 1055 976 1097 nemo
1000 1037 1131 1097 auderet

107 1125 217 1208 bonus,
257 1127 420 1206 perfecisse
458 1143 533 1204 quae
566 1144 582 1185 a
614 1125 695 1186 nullo
732 1127 790 1184 nisi
822 1126 984 1186 fortissimo
1021 1125 1133 1204 perlici
1146 1137 1173 1176 10

107 1223 243 1297 possent,
276 1224 306 1276 et
338 1216 430 1275 lauisse
463 1232 533 1273 eum
564 1217 595 1274 in
628 1213 822 1275 consultando
855 1217 1061 1296 temerarium,
1096 1216 1133 1274 ln

108 1303 282 1381 exequendo
305 1306 410 1363 virum.
450 1301 545 1362 Carbo
568 1302 650 1363 nullo
674 1303 799 1362 suffecto
823 1303 934 1381 collega
958 1303 1039 1364 solus
1062 1309 1132 1363 toto

14 1393 18 1400 '
111 1409 187 1453 anno
212 1391 316 1451 consul
339 1391 403 1451 luit.
437 1412 475 1439 f

77 1492 92 1538 1
197 1475 249 1540 25.
294 1478 420 1539 Putares
454 1477 565 1539 Sullam
597 1481 713 1540 venisse
745 1482 776 1539 in
809 1478 922 1540 ltaliam
958 1497 1018 1539 non
1054 1478 1131 1539 belli

108 1567 268 1648 vindicem,
292 1567 344 1628 sed
367 1569 449 1646 pacis
463 1576 629 1628 auctorem:
657 1576 738 1628 tanta
761 1585 829 1629 ctum
844 1570 944 1646 quiete
959 1569 1129 1628 exereitum
1145 1576 1172 1619 1⁵

106 1674 161 1736 per
194 1655 358 1717 Calabriam
386 1655 580 1735 Apuliamque
613 1674 682 1716 cum
715 1655 857 1734 singulari
889 1674 961 1717 cura
994 1657 1129 1738 frugum,

109 1763 261 1826 agrorum,
285 1745 451 1825 hominum,
479 1743 600 1804 urbium
622 1745 762 1823 perduxit
784 1745 816 1803 in
840 1743 1027 1824 Campaniam
1050 1752 1129 1805 tem·

109 1836 260 1913 ptavitque
293 1835 380 1893 iustis
412 1832 527 1911 legibus
560 1842 590 1892 et
621 1835 723 1911 aequis
756 1832 980 1893 condicionibus
1014 1832 1131 1893 bellum

110 1939 303 2001 componere3
333 1919 385 1981 sed
412 1922 463 1998 iis,
491 1919 600 1999 quibus
631 1928 660 1980 et
682 1939 733 1981 res
759 1923 888 2001 pessima
916 1929 946 1981 et
968 1921 1131 1982 immodica

77 2010 254 2087 accipiditas
269 2016 345 2089 erat,
368 2026 428 2068 non
451 2015 569 2087 poterat
590 2026 647 2087 pax
669 2009 795 2087 placere.
836 2009 990 2070 crescebat
1003 2013 1130 2072 interim
1145 2019 1173 2060 ’θ

108 2100 139 2158 in
177 2096 241 2156 dies
274 2096 371 2158 Sullae
409 2099 557 2157 exercitus
594 2096 812 2158 confluentibus
844 2097 880 2158 ad
913 2116 981 2158 eum
1014 2101 1130 2177 optimo

110 2204 228 2264 quoque
258 2192 290 2246 et
312 2187 477 2246 sanissimo.
522 2185 602 2246 felici
632 2185 738 2247 deinde
761 2188 839 2246 circa
864 2185 994 2265 Capuam
1017 2195 1130 2249 eventu

108 2274 279 2354 Scipionem
305 2274 536 2352 Norbanumque
565 2274 703 2334 consules
732 2284 867 2357 superat,
896 2294 1024 2354 quorum
1051 2275 1129 2336 Nor-

107 2362 202 2424 banus
235 2366 297 2424 aeie
330 2365 438 2445 victus,
472 2361 572 2441 Scipio
601 2361 637 2422 ab
668 2367 802 2424 exercitu
835 2382 889 2424 suo
922 2363 1059 2426 desertus
1092 2382 1129 2424 ac

76 2453 244 2529 3proditns
266 2451 423 2512 inviolatus
447 2468 464 2509 a
487 2449 568 2510 Sulla
591 2450 731 2512 dimissus
755 2459 809 2512 est.
851 2453 925 2512 adeo
949 2456 1028 2514 enim
1043 2452 1127 2513 Sulla
1142 2460 1170 2502 ’ὅ

110 2539 261 2600 dissimilis
283 2541 340 2600 luit
362 2538 487 2599 bellator
506 2555 539 2598 ac
553 2541 662 2621 victor,
685 2548 719 2600 ut
733 2540 805 2600 dum
818 2543 923 2622 vincit,
946 2543 1129 2620 aequissimo

109 2627 217 2708 lenior,
249 2636 318 2706 post
348 2629 503 2687 victoriam
534 2627 634 2687 audito
666 2628 757 2690 luerit
790 2628 947 2690 crudelior.
997 2647 1065 2690 nam
1096 2637 1130 2690 et

180 2873 196 2922 5
217 2883 347 2938 superare
371 2867 502 2935 Uestalem
522 2869 640 2925 Velleius
657 2871 840 2939 neglegentius
858 2871 969 2938 scripsit
1047 2875 1062 2924 ‘l
1082 2872 1129 2925 est

108 2953 158 2992 om.
178 2939 261 2994 Kritz
279 2944 305 2993 et
322 2939 417 2995 Haece
435 2956 525 2995 errore
597 2947 613 2995 9
632 2957 716 2994 eunus
735 2939 771 3008 A,
791 2957 890 2994 cusum
908 2957 968 2995 esse
990 2939 1075 2995 Orelli

110 3015 143 3062 10
162 3008 326 3079 perfecisset
342 3011 371 3065 A
387 3011 391 3082 Ι
406 3011 473 3082 nisi]
493 3010 517 3065 si
535 3011 563 3064 A
653 3017 686 3065 11
705 3012 802 3080 posset
819 3011 847 3064 A
940 3017 973 3066 1⁷
992 3012 1127 3066 tentabit

109 3096 163 3148 que
184 3081 213 3135 P
282 3088 316 3136 19
335 3098 380 3136 res
399 3083 511 3137 addidit
528 3081 638 3136 Redmlr.
659 3083 734 3150 (spes
753 3083 816 3137 odd.
831 3082 971 3152 Beroays)
1043 3087 1078 3136 22
1097 3084 1130 3136 et

109 3150 185 3206 MA:
211 3169 260 3208 orn.
277 3152 325 3224 Pl
345 3153 444 3207 dmnde
464 3153 513 3207 Me
539 3153 604 3207 dein
627 3152 746 3220 denique
764 3153 792 3207 A
819 3155 876 3221 (aed
893 3153 959 3207 dein
976 3154 1128 3223 ceperam),

108 3222 414 3347 deniqne'Ppeuentu
433 3223 508 3278 cirea
526 3222 555 3277 C.
574 3225 677 3278 euentu
695 3223 723 3276 A
794 3229 829 3277 23
848 3224 1127 3292 Norbanumque

106 3292 256 3348 Narbonus
340 3295 408 3362 (non
435 3295 510 3362 MA)
618 3299 653 3349 26
682 3292 882 3362 *eequiseimm
911 3311 944 3348 ee
971 3294 1128 3349 iustissimo

107 3364 172 3431 AP,
195 3365 242 3419 vel
263 3365 328 3419 inst.
352 3365 445 3432 Helle,
469 3364 543 3433 acie,
566 3365 630 3419 inat
653 3365 784 3420 Burman
806 3365 884 3432 (dum
906 3364 1036 3433 dimicat,
1058 3364 1147 3423 inse.

106 3433 219 3504 Haupt)
291 3441 326 3490 27
346 3436 375 3489 et
393 3433 534 3491 Gekeiua:
553 3437 585 3491 ut
601 3435 661 3490 ΑΡ
1099 3464 1117 3494 ι
