2422 3848
478 223 500 259 ο.
521 195 644 258 15-17.
765 272 770 281 .
1029 202 1069 265 17

56 377 146 454 diam,
174 392 207 433 ac
235 391 341 431 novam
369 369 539 448 [comicum]
568 369 747 430 Menandrus
776 370 972 447 aequalesque
1006 371 1070 429 eius

56 481 116 524 non
145 464 249 521 aetatis
276 463 369 538 magis
397 477 485 536 quam
518 460 617 536 operis
647 457 780 517 Philemo
812 476 846 517 ac
874 457 1008 536 Diphilus
1041 467 1071 517 et

55 555 196 611 invenere
224 552 303 608 intra
330 550 525 626 paucissimos
554 564 647 605 anuos
675 565 772 624 neque
800 546 971 606 imitandam
1002 544 1070 605 reli·

57 657 158 717 quere.
195 636 438 716 philosophorum
467 653 587 713 quoque
614 637 732 712 ingenia
761 634 912 694 Socratico
940 652 992 693 ore
1021 633 1103 693 de·4
1145 685 1146 688 ,

32 728 179 787 alluentia
207 728 353 805 omnium,
381 742 456 801 quos
479 723 566 801 paulo
590 731 657 782 ante
681 725 932 804 enumeravimus,
962 729 1072 800 quanto

58 824 126 895 post
149 814 280 874 Platonis
294 811 520 889 Aristotelisque
545 819 672 871 mortem
694 811 822 871 floruere
847 808 964 890 spatio?
1001 811 1102 889 quido

57 911 124 964 ante
157 902 331 981 isocratem,
364 899 435 978 quid
467 907 535 978 post
567 902 631 959 eius
660 900 809 959 auditores
838 919 1001 978 eorumque
1030 900 1071 959 di-

57 992 187 1070 scipulos
211 989 324 1049 clarum
346 991 378 1048 in
401 987 569 1047 oratoribus
593 983 670 1047 luit?
707 988 779 1047 adeo
803 989 923 1066 quidem
945 996 1073 1048 artatum

57 1081 202 1158 angustiis
231 1087 412 1156 temporum,
444 1084 478 1136 ut
505 1094 593 1135 nemo
621 1077 763 1136 memoria
791 1076 898 1154 dignus
932 1076 1006 1136 alter
1037 1075 1072 1135 ab

18 1181 43 1222 10
58 1168 150 1228 altero
174 1167 268 1226 videri
291 1166 486 1243 nequiverint.

149 1253 198 1316 17.
235 1253 338 1332 Neque
366 1253 477 1313 hocin
501 1251 621 1312 Graccis
645 1270 733 1331 quarn
756 1255 787 1312 in
810 1253 950 1312 Romanis
975 1253 1102 1312 evenitt

57 1346 159 1423 magis.
196 1361 265 1403 nam
292 1344 350 1401 uisi
378 1358 481 1420 aspera
509 1360 543 1401 ac
573 1340 658 1400 rudia
681 1350 799 1420 repetas
823 1349 853 1401 et
876 1343 989 1401 inventi
1011 1340 1072 1400 lau·

58 1433 153 1493 danda
180 1434 313 1511 nomine,
341 1433 372 1490 in
395 1431 484 1490 Accio
515 1431 653 1508 circaque
678 1448 747 1489 eum
769 1429 900 1489 Romana
924 1429 1074 1507 tragoedia

59 1529 117 1600 est3
145 1520 306 1597 dulcesque
336 1517 432 1578 Latini
459 1518 569 1596 leporis
597 1518 720 1578 facetiae
748 1537 802 1597 per
831 1517 991 1578 Caecilium
1019 1517 1073 1576 Te-

20 1623 46 1663 is
61 1611 250 1687 rentiumque
275 1615 305 1667 et
319 1607 472 1673 Afranium
495 1606 617 1685 subpari
638 1613 732 1666 aetate
756 1609 919 1666 nituerunt.
956 1606 1105 1665 historia

61 1715 112 1757 cos
146 1699 247 1777 etiam,
279 1704 313 1755 ut
345 1695 461 1755 Livium
492 1712 611 1773 quoque
643 1697 778 1772 priorum
811 1697 900 1754 aetati
932 1694 1075 1773 adstruas,

59 1793 180 1864 praeter
208 1783 349 1844 Catonem
379 1792 408 1843 et
436 1783 580 1861 quosdam
607 1792 723 1843 veteres
752 1791 782 1843 et
809 1782 953 1842 obscuros
977 1784 1075 1841 minus

61 1875 212 1950 octoginta
234 1875 320 1932 aunis
343 1872 559 1932 circumdatum
573 1890 677 1932 aevum
700 1871 780 1952 tulit,
803 1878 837 1931 ut
851 1890 906 1931 nec
920 1877 1075 1950 poetarum

62 1964 93 2021 in
117 1961 267 2038 antiquius
291 1963 449 2020 citeriusve
473 1962 619 2039 processit
642 1960 772 2020 ubertas.
805 1969 834 2020 at
857 1962 951 2020 oratio
976 1979 1009 2020 ac
1032 1961 1106 2020 vise

20 2063 48 2104 ao
62 2050 190 2131 lorensis
213 2048 439 2126 perlectumque
467 2066 573 2126 prosae
597 2047 782 2126 eloquentiae
806 2048 912 2129 decue,
941 2055 975 2108 ut
997 2048 1076 2108 idem

61 2144 218 2216 separetur
247 2135 317 2196 Cato
347 2131 433 2218 (pace
461 2135 493 2195 P.
518 2134 618 2196 Crassi
642 2135 849 2215 Scipionisque
880 2146 910 2197 et
932 2135 1023 2197 Laelii
1047 2136 1088 2196 et‘

62 2225 264 2285 Gracchorum
293 2233 323 2284 ei
350 2225 454 2284 Fannii
481 2231 511 2284 et
535 2223 630 2284 Servii
654 2223 761 2284 Galbae
785 2219 925 2306 dixerim)
949 2227 990 2285 ita
1013 2226 1076 2284 uni·

61 2333 147 2374 versa
171 2312 226 2374 sub
257 2315 391 2392 principe
416 2315 516 2392 operis
539 2315 586 2373 sui
610 2315 709 2392 erupit
732 2312 842 2393 Tullio,
875 2321 909 2373 ut
936 2312 1078 2372 delectari

62 2411 130 2462 ante
160 2420 228 2462 eum
255 2403 456 2483 paucissimis,
489 2403 591 2461 mirari
617 2420 688 2461 vero
719 2404 868 2461 neminem
894 2403 992 2480 possis
1020 2403 1078 2460 nisi

10 2504 49 2561 ,25
64 2498 116 2551 aut
130 2489 166 2550 ab
188 2489 238 2549 illo
253 2492 350 2550 visum
364 2497 415 2550 aut
429 2491 481 2568 qui
504 2489 588 2550 illum
608 2489 723 2550 viderit.
760 2489 817 2549 hoc
840 2489 920 2549 idem
943 2491 1109 2551 evenisse4

62 2581 273 2659 grammaticis,
296 2579 414 2659 plastis,
436 2577 615 2659 pictoribuS,
640 2577 837 2658 scalptoribus
855 2580 990 2657 quisquis
1004 2586 1077 2638 tem-

61 2686 170 2746 porum
183 2669 326 2727 institerit
340 2669 431 2748 notis,
454 2668 598 2747 reperiet,
613 2669 803 2727 eminentiam
818 2669 963 2746 cuiusque
978 2669 1077 2745 operis

136 2914 150 2961 1
171 2910 201 2962 ai
219 2906 329 2976 Aldus!
351 2907 512 2978 [comiciam]
537 2909 640 2976 Aldus,
668 2909 842 2962 comoediam
866 2909 996 2976 &cameri
1020 2908 1078 2961 Me-

62 2978 170 3032 nander
188 2980 224 3045 A,
242 2983 310 3031 recte
329 2984 360 3030 ut
377 2979 486 3032 vidden
566 2985 582 3032 2
600 2997 658 3033 non
676 2981 720 3033 hic
739 2980 849 3034 eddidit
868 2981 995 3048 Madoip,
1014 2983 1079 3046 post

64 3048 165 3103 aetatis
184 3049 299 3117 Haase!
319 3049 448 3103 Philemo
467 3050 507 3103 A:
535 3049 684 3104 Philemon
704 3050 731 3103 P
823 3049 996 3103 dimicando
1014 3049 1078 3115 ΑΡ,

63 3137 112 3174 em.
131 3120 211 3175 Acid.
229 3123 233 3188 Ι
253 3120 410 3188 relinquere
428 3123 456 3173 A
546 3126 562 3174 5
585 3122 670 3191 paulo
689 3121 766 3190 anie]
790 3135 825 3174 sc.
844 3121 973 3188 luparie
990 3120 1080 3187 operis

64 3191 206 3257 deperdito
221 3192 226 3256 Ι
242 3194 342 3259 quarto
358 3192 386 3245 A
445 3195 461 3244 8
481 3191 607 3259 adeoque
625 3192 655 3245 id
673 3192 815 3258 Heinsius,
834 3190 904 3244 odeo
921 3191 952 3243 id
966 3189 1079 3258 quidem

64 3261 161 3314 Haase
242 3269 275 3314 13
294 3279 359 3316 eum
375 3262 481 3317 Bucar:
503 3279 597 3318 eorum
617 3263 675 3315 ΑΡ
756 3266 789 3315 15
808 3260 923 3330 suppari
940 3263 994 3315 aet.
1014 3262 1079 3315 Aci-

65 3332 171 3386 daliae:
190 3330 241 3384 sub
254 3334 376 3400 paritate
390 3333 427 3401 A,
447 3333 575 3404 subpari
588 3334 681 3387 aetate
697 3333 725 3384 P
805 3337 838 3386 16
858 3333 944 3387 etiam
955 3332 1079 3387 Vossius:

21 3420 23 3425 ’
66 3402 365 3468 ebAPlasbruasP
464 3410 495 3458 18
518 3403 730 3458 neePt'neA
831 3409 865 3457 22
883 3403 984 3458 Fannii
1003 3404 1079 3457 MA:

65 3472 155 3526 Fauni
171 3473 199 3526 P
260 3479 293 3527 26
310 3474 523 3544 scalptoribusq.
537 3475 581 3529 uis
599 3474 691 3543 quisq.
707 3474 779 3543 MA,
794 3491 841 3528 em.
856 3475 889 3528 in
904 3476 932 3530 P
989 3481 1023 3529 27
1038 3491 1082 3528 rc-

119 3562 221 3604 Velleiua
234 3562 270 3603 ed.
284 3563 359 3604 Halm.
850 3570 866 3617 2
