2422 3848
502 187 632 238 e6-&
1057 182 1075 246 7

63 318 267 428 Olympiorum
293 349 413 409 initium
435 347 551 428 habuit,
579 355 733 413 auctorem
755 347 885 428 Iphitum
907 347 1015 410 Elium.
1051 351 1077 409 is

64 456 113 497 eos
140 437 226 498 ludos
254 445 479 516 mercatumque
511 438 641 498 instituit
673 444 741 498 ante
774 455 881 518 annos,
914 456 1003 516 quam
1034 445 1077 518 tu,

64 525 99 584 Μ.
130 525 238 607 Vinici,
275 525 462 593 consulatum
493 526 599 606 lnires,
630 538 824 587 ncccxxln.
869 524 926 586 hoc
959 537 1108 587 sacrumn

63 614 167 674 eodem
193 613 258 675 loco
286 616 452 675 instituisse
482 614 578 674 fertur
606 614 712 675 abhinc
745 632 839 675 annos
871 615 964 674 ferme
997 614 1076 674 mille

34 702 206 763 adticentos
229 705 442 782 quinquaginta
464 702 586 783 Atreus,
614 722 683 764 cum
705 702 809 782 Pelopi
834 705 912 781 patri
934 702 1077 762 funebres

63 789 148 851 ludos
175 792 300 872 laceret,
333 808 392 870 quo
425 792 544 869 quidem
571 792 602 850 in
630 792 744 852 ludicro
773 793 928 870 omnisque
959 792 1077 869 generis

63 882 259 940 certaminum
281 878 425 939 Hercules
448 881 543 939 victor
567 881 672 940 extitit.
706 887 770 940 tum
793 880 916 940 Athenis
939 880 1107 958 perpetula

63 967 221 1027 archontes
249 985 314 1027 esse
343 967 510 1043 desierunt,
540 985 608 1026 cum
636 967 742 1027 luisset
764 967 887 1028 ultimus
910 967 1078 1047 Alcmaeon,

62 1063 286 1134 coeperuntque
308 1057 340 1115 in
363 1055 456 1114 denos
479 1071 572 1114 annos
596 1057 706 1115 creari:
739 1073 813 1133 quae
837 1055 1022 1115 consuetudo
1046 1057 1077 1114 in

22 1154 48 1194 10
63 1161 155 1202 annos
186 1145 372 1222 septuaginta
398 1144 507 1202 mansit
534 1160 568 1203 ao
592 1143 698 1203 deinde
722 1145 828 1203 annuis
852 1145 1009 1217 commissa
1032 1149 1078 1202 est

63 1230 283 1309 magistratibus
310 1249 360 1291 res
387 1230 513 1310 publica.
555 1249 592 1291 ex
621 1233 672 1312 iis,
704 1234 754 1309 qui
777 1232 861 1291 denis
885 1233 970 1292 annis
992 1249 1076 1310 prae·

62 1321 197 1401 luerunt,
220 1322 335 1399 primus
358 1320 415 1380 luit
438 1319 583 1400 Charops,
606 1319 728 1380 ultimus
751 1319 888 1400 EryxiaS,
911 1338 948 1379 ex
971 1321 1078 1379 annuis

61 1410 176 1487 primus
201 1407 306 1468 Creon.
337 1416 420 1469 sexta
442 1408 606 1487 olympiade
629 1416 698 1488 post
721 1407 779 1469 duo
804 1415 835 1469 et
856 1409 961 1487 viginti
983 1418 1109 1467 annosi

62 1498 259 1575 quamprimo
274 1499 436 1557 constituta
451 1496 560 1577 luerat,
583 1496 742 1577 Romulus,
765 1496 868 1557 Martis
881 1496 973 1576 illiue,
997 1495 1077 1557 ultus

22 1596 48 1636 15
62 1586 185 1645 iniurias
213 1587 258 1644 avi
281 1584 405 1644 Romam
432 1584 539 1644 urbem
566 1584 713 1646 Parilibus
740 1586 772 1644 in
798 1584 909 1644 Palatio
937 1584 1078 1644 condidit.

62 1691 78 1732 a
102 1692 161 1751 quo
185 1680 319 1752 tempore
342 1673 453 1733 advos
477 1672 615 1733 consules
634 1675 704 1733 anni
718 1679 788 1732 sunt
802 1673 1077 1751 septingenti-octo-

62 1763 144 1838 ginta
166 1779 257 1821 unus:
288 1760 317 1820 id
341 1767 439 1821 actum
462 1768 531 1839 post
553 1761 673 1820 Troiam
696 1768 811 1839 captam
829 1762 914 1820 annis
938 1759 1077 1838 quadrin-

62 1851 159 1926 gentis
181 1850 303 1928 triginta
326 1855 449 1928 septem.
485 1849 515 1908 id
539 1851 631 1927 gessit
653 1848 798 1908 Romulus
814 1847 933 1908 adiutus
955 1847 1109 1925 legioni-o

62 1937 119 1996 bus
133 1936 245 1996 Latinis
268 1939 313 1995 avi
336 1939 396 2010 sui3
419 1935 547 1996 libenter
570 1938 650 1997 enirn
672 1938 723 2017 iis,
747 1939 799 2015 qui
818 1938 859 1997 ita
872 1936 1078 2016 prodiderunt,

22 2038 49 2076 2⁰
63 2026 253 2103 accesserim,
282 2041 351 2084 cum
379 2023 464 2083 ahter
486 2025 605 2091 firmare
633 2024 740 2087 urbem
762 2043 868 2086 novam
890 2033 951 2085 tam
973 2026 1077 2084 vicinis

62 2111 237 2172 Veientibus
260 2111 384 2189 aliisque
398 2111 534 2172 Etruscis
558 2129 592 2172 ac
607 2111 724 2172 SabInis
748 2130 817 2173 cum
840 2112 952 2173 imbelli
975 2121 1005 2173 et
1027 2131 1076 2191 pa·

63 2201 165 2261 storali
178 2218 267 2261 manu
281 2201 330 2259 vix
352 2201 497 2280 potuerit,
521 2217 699 2278 quamquam
712 2218 778 2260 eam
794 2201 874 2278 asylo
898 2201 975 2261 lacto
998 2203 1078 2260 inter
1092 2213 1109 2260 6

63 2290 138 2350 duos
159 2289 244 2349 lucos
267 2290 357 2348 auxit.
392 2288 442 2348 hic
466 2296 585 2348 centum
611 2287 747 2348 homines
770 2287 881 2348 electos
904 2288 1077 2366 appellatos-

63 2396 121 2456 que
152 2385 253 2456 patres
284 2378 379 2437 instar
410 2375 514 2436 habuit
546 2376 662 2436 consilii
696 2375 817 2454 publici.
873 2375 950 2436 hanc
989 2377 1077 2454 origi·

22 2478 49 2518 ²5
63 2484 132 2526 nem
158 2483 267 2525 nomen
293 2466 487 2544 patriciorum
513 2463 611 2525 habet.
647 2471 750 2544 raptus
781 2465 929 2543 virginum
957 2463 1077 2524 Sabina-

63 2573 131 2615 rum
154 2552 243 2594 aaa

152 2641 213 2702 Nec
241 2644 339 2702 minus
367 2641 465 2702 clarus
493 2659 528 2701 ea
553 2649 729 2721 tempestate
758 2643 816 2701 fuit
838 2639 976 2701 Miltiadis
999 2641 1077 2702 filius

64 2728 176 2789 Cimon.

137 2959 150 3005 1
179 2950 357 3020 Olympicum
384 2951 532 3007 Aristolaus
629 2958 767 3006 boccona
794 2951 932 3018 Lacerant,
959 2969 1078 3004 ncccxm

63 3021 183 3090 Kranae,
207 3023 332 3077 dissentit
355 3023 508 3078 Monaesen
529 3023 562 3077 in
583 3023 624 3077 etl.
643 3023 670 3076 Π
692 3023 782 3077 Hono.
795 3039 826 3090 p.
842 3022 902 3076 Vll.
994 3024 1079 3089 bpa-

35 3095 37 3100 '
64 3093 115 3147 tris
131 3094 159 3148 P
216 3100 238 3149 θ’
251 3093 340 3147 omnis
359 3092 488 3148 Gelenius
546 3099 580 3147 12
599 3093 717 3162 Eryxias
737 3093 894 3146 Menrsino:
913 3090 980 3144 Erix
1000 3090 1028 3142 P

67 3169 98 3215 13
118 3163 188 3218 duos
207 3165 246 3218 ed.
264 3164 379 3233 Bipont.
401 3166 431 3232 (i.
450 3181 471 3218 e.
491 3163 622 3230 Orellins)
695 3170 728 3218 16
747 3181 1022 3223 n.ccoo.n.xxx.n.
1043 3161 1078 3229 P,

64 3250 112 3287 em.
131 3234 257 3289 Laarcnt
342 3240 375 3289 19
394 3235 490 3289 Latini
509 3235 544 3301 P,
563 3251 611 3290 en.
630 3233 826 3306 Inpoiaslhis
847 3233 875 3287 P
962 3237 997 3286 22
1016 3247 1081 3286 eam

65 3305 211 3358 Heinsius:
234 3305 291 3358 iam
311 3306 340 3359 P
414 3311 448 3360 25
467 3305 550 3359 cerba
567 3306 665 3375 raptus
682 3303 753 3373 virg.
773 3303 837 3359 sab.
862 3303 957 3358 Voario
975 3319 1009 3358 ea
1027 3303 1079 3357 ali·
1176 3345 1178 3348 ,

64 3376 144 3430 acino
158 3375 270 3430 librarii
282 3381 349 3431 nota
362 3376 514 3447 marginali
526 3377 634 3431 invecta
646 3379 734 3429 censet
814 3381 848 3431 26
862 3373 960 3430 Nec—
968 3373 1080 3444 Cimon]

63 3447 130 3501 boec
146 3447 265 3500 seronoit
284 3447 449 3502 Priscianus
461 3447 509 3515 Vl,
529 3452 562 3501 63
581 3464 608 3515 p.
628 3449 681 3500 248
699 3445 794 3501 Hertz.
