2422 3848
142 161 269 224 26-
638 162 664 213 Π

141 327 210 386 inde
232 323 340 388 Porcio
363 328 532 406 Marcioque
561 326 734 388 consrdibus
762 326 888 387 deducta
915 326 1029 386 colonia
1057 326 1163 386 Narbo

141 415 273 476 Martius.

113 515 127 561 1
232 502 260 565 8.
297 504 452 564 Mandetur
480 504 586 564 deinde
615 505 775 564 memoriae
799 505 941 563 severitas
968 503 1162 566 iudiciorum.

125 595 251 671 ‚qnippe
275 593 305 653 C.
330 592 401 652 Cato
425 591 602 671 consularia,
625 591 661 652 M.
685 588 803 652 Catonis
826 610 933 672 nepos,
955 591 1086 652 Africani
1110 611 1162 652 so-

141 683 219 740 roris
251 681 342 762 lilius,
379 679 613 759 repetundarum
644 698 680 739 ex
712 679 883 740 Macedonia
914 681 1068 740 damnatus
1101 689 1192 762 est,5

111 785 113 790 ·
141 787 210 829 carm
241 769 278 828 lis
311 771 375 829 eius
407 767 464 828 HS.
498 775 639 846 quattuor
670 767 790 829 milibus
822 771 1041 828 aestimaretur:
1083 769 1163 829 adeo

140 856 183 916 illi
206 859 262 916 viri
284 859 377 935 magis
397 856 580 917 voluntatem
601 857 744 934 peccandi
767 856 959 917 intuebantur
983 874 1071 935 quam
1095 875 1162 917 mo·

141 944 212 1005 darm
239 946 374 1023 iactaque
402 944 438 1004 ad
467 945 623 1005 consilium
656 944 822 1023 dirigebant
854 952 883 1005 et
916 945 1000 1025 quid,
1033 963 1092 1004 non
1127 947 1163 1006 in

109 1041 285 1110 equantum
309 1034 471 1094 admissum
493 1034 583 1114 foret,
607 1032 808 1094 aestimabant.
854 1035 933 1093 circa
956 1033 1059 1093 eadem
1082 1041 1162 1094 tem·

140 1140 213 1199 pora
241 1122 300 1182 duo
328 1121 438 1182 Metelli
470 1123 578 1182 fratres
606 1140 666 1182 nno
699 1121 746 1181 die
779 1121 1045 1200 triumphaverunt.
1096 1135 1202 1183 non1⁰

140 1212 238 1270 minus
267 1211 380 1270 clarum
408 1210 575 1288 exemplum
603 1217 634 1269 et
661 1209 756 1270 adhuc
786 1212 908 1270 unicum
931 1209 1027 1269 Fulvii
1049 1209 1162 1291 Flacci,

141 1301 205 1359 eius
234 1301 285 1376 qui
313 1297 442 1376 Capuam
470 1305 603 1380 ceperat,
635 1298 777 1377 liliorum,
810 1299 862 1359 sed
894 1298 1016 1358 alterins
1048 1300 1079 1357 in
1107 1299 1161 1358 ad-

140 1388 292 1464 optionem
319 1386 392 1465 dati,
424 1387 455 1445 in
483 1386 607 1465 collegio
636 1386 807 1446 consulatus
835 1388 904 1466 fuit3
937 1387 1092 1465 adoptivus
1126 1389 1161 1446 in
1188 1383 1196 1393 ‘

140 1474 256 1533 Acidini
278 1473 378 1533 Manlii
405 1473 544 1533 familiam
574 1475 669 1534 datus.
720 1493 788 1534 nam
816 1493 942 1535 censura
969 1474 1161 1535 Metellorum

138 1561 331 1643 patruelium,
368 1580 428 1621 non
460 1581 669 1641 germanorum
706 1563 832 1622 fratrum
865 1564 933 1644 luit,
971 1563 1050 1641 quod
1083 1563 1158 1623 solis
1174 1576 1199 1617 1⁵

108 1652 304 1728 econtigerat
329 1649 526 1729 Scipionibus,
572 1658 636 1711 tum
660 1649 771 1711 Cimbri
794 1659 824 1711 et
847 1651 975 1711 Teutoni
1002 1659 1158 1711 transcen-

140 1741 210 1800 dere
224 1738 376 1820 Rhenum,
399 1739 500 1799 multis
523 1758 591 1799 mox
605 1741 717 1800 nostris
732 1741 853 1818 suisque
875 1738 1008 1799 cladibus
1031 1738 1158 1800 nobiles

138 1847 193 1907 per
212 1827 314 1887 eadem
329 1835 462 1906 tempora
477 1827 575 1887 clarus
596 1829 661 1887 eius
675 1826 810 1908 Minucii,
834 1830 886 1905 qui
907 1829 1054 1907 porticae,
1079 1845 1158 1905 quae

141 1917 288 1993 hodieque
313 1915 446 1975 celebres
469 1923 552 1995 sunt,
575 1915 695 1975 molitus
718 1922 776 1996 est,
799 1934 835 1975 ex
858 1914 1022 1975 Scordiscis
1050 1917 1157 1975 trium·

139 2005 217 2083 phus
241 2004 305 2063 luit.
1171 2017 1198 2057 ao

110 2103 123 2149 1
223 2087 255 2150 9.
292 2090 404 2152 Eodem
427 2099 523 2152 tractu
548 2099 716 2171 temporum
736 2093 890 2152 nituerunt
905 2099 1038 2152 oratores
1054 2091 1157 2169 Scipio

139 2178 320 2239 Aemilianus
343 2179 532 2261 Laeliusque,
561 2179 625 2240 Ser.
649 2178 752 2260 Galba,
781 2180 839 2240 dno
863 2179 1001 2260 Gracchi,
1026 2178 1056 2240 C.
1080 2178 1156 2239 Fan-

139 2270 220 2348 nius,
244 2266 339 2327 Carbo
362 2268 511 2348 Papirius3
534 2286 590 2328 nec
613 2268 850 2347 praetereundus
871 2267 1007 2328 Metellus
1021 2267 1156 2328 Numidi-

139 2375 193 2416 cus
217 2364 247 2416 et
262 2355 406 2438 Scaurus,
429 2365 460 2416 et
482 2363 550 2415 ante
573 2374 676 2415 omnes
699 2354 731 2416 L.
748 2355 872 2416 Crassus
897 2363 926 2416 et
940 2357 977 2416 M.
992 2356 1168 2418 Antoniusa

111 2456 270 2521 equorum
302 2446 390 2504 aetati
422 2446 608 2522 ingeniisque
637 2461 809 2504 successere
839 2443 869 2503 C.
901 2444 1008 2504 Caesar
1037 2443 1157 2525 Strabo,
1172 2459 1198 2501 aa

138 2531 170 2590 P.
195 2530 358 2612 Sulpicius3
389 2550 457 2590 nam
480 2531 513 2601 Q.
534 2531 649 2592 Mucius
672 2534 747 2592 iuris
775 2533 899 2592 scientia
923 2535 1156 2611 quamproprie

109 2618 326 2696 aeloquentiae
355 2621 474 2680 nomine
504 2619 650 2680 celebrior
678 2621 741 2680 luit.
785 2620 863 2680 clara
887 2623 975 2681 etiam
998 2621 1157 2699 peridem

139 2709 203 2766 aevi
226 2709 354 2785 spatium
377 2708 461 2767 luere
485 2709 603 2786 ingenia
623 2710 655 2768 in
669 2709 776 2786 togatis
790 2708 917 2790 Afranii,
940 2711 971 2768 in
995 2709 1157 2787 tragoediis

212 2936 226 2982 1
241 2928 336 2984 Portio
353 2929 409 2983 ΑΡ
470 2937 488 2983 4
502 2930 531 2985 C.
545 2929 649 3003 Aldus}
665 2931 738 2986 COS.
754 2931 812 2985 ΑΡ
865 2939 881 2987 6
895 2931 950 2986 Hs.
966 2933 1029 2988 odd.
1044 2932 1159 2987 Krousa

140 3000 185 3069 (lis
209 3001 235 3055 ei
257 3000 313 3055 Hs.
338 3000 460 3070 Scoliper
483 3007 508 3056 et
526 3003 587 3072 olio)
689 3007 721 3056 10
740 3003 795 3056 duo
814 3002 917 3057 Aldus:
943 3002 981 3055 M.
1000 3002 1059 3055 ΑΡ

141 3077 173 3125 13
193 3072 354 3126 consulatus
368 3073 493 3128 Kranae:
513 3071 589 3128 COS.
602 3073 661 3127 ΑΡ
732 3079 766 3127 14
779 3071 910 3126 Acidiani
922 3072 987 3139 AP,
1002 3088 1049 3126 em.
1065 3072 1158 3128 Aldus

139 3148 164 3196 ot
182 3143 333 3213 siqonius!
349 3142 437 3197 filiam
456 3144 483 3197 A
500 3145 504 3210 Ι
521 3159 619 3198 census
637 3144 696 3197 ΑΡ
791 3149 824 3198 16
843 3140 1019 3196 transcedere
1038 3142 1066 3195 A

142 3219 173 3267 17
193 3213 338 3269 nobilisA
412 3219 444 3267 18
464 3214 561 3269 Minici
576 3215 611 3283 P,
629 3214 774 3268 ManiciA
848 3218 881 3265 19
896 3227 930 3265 ex
944 3208 1082 3266 Cordiscis
1099 3213 1160 3267 ΑΡ

193 3290 226 3336 21
245 3287 405 3354 temporum
422 3287 516 3340 tractu
535 3285 563 3337 P
580 3286 647 3352 (noo
666 3286 740 3352 MA)
813 3290 848 3337 24
867 3283 895 3335 et
914 3284 978 3335 ante
998 3284 1157 3338 o.—Anto-

140 3352 201 3406 nius
224 3357 421 3422 transportabat
443 3355 554 3409 Robach.
575 3359 640 3423 post
661 3354 789 3424 Papirius
806 3355 810 3421 Ι
826 3353 857 3407 L.
878 3352 954 3408 MA:
980 3370 1032 3410 om.
1053 3354 1081 3406 P

140 3427 174 3476 26
192 3439 286 3491 namq.
304 3425 412 3480 Mucius
430 3426 488 3479 ΑΡ
502 3428 507 3493 Ι
522 3425 651 3495 propriae
670 3425 736 3492 ΛΡ,
754 3440 802 3478 em.
820 3423 936 3493 Lipsius
