2422 3848
106 183 151 248 20
602 186 629 240 ΙΙ

76 365 142 415 sac
170 351 355 411 detestabilia
382 351 550 411 Mancinum
573 349 733 412 Mostilium
762 351 924 412 consulem.
962 352 1014 411 sed
1037 352 1128 413 Pom-

107 441 208 520 peium
245 441 338 518 gratia
369 441 551 519 impunitum
581 438 698 522 habuit,
739 439 908 500 Mancinum
944 441 1129 502 verecundia

108 545 234 608 poenam
257 546 318 588 non
340 528 507 589 recusando
530 528 670 608 perduxit
692 529 764 610 buc,
787 535 822 589 ut
834 547 889 607 per
904 529 1011 589 fetialis
1026 530 1129 591 nudus

109 635 142 676 ac
165 623 234 695 post
247 626 367 696 tergum
380 618 511 696 religatis
525 615 661 678 manibus
675 617 836 678 dederetur
856 616 1002 678 hostibus.
1036 637 1131 698 quem

107 704 150 764 illi
178 707 314 784 recipere
343 723 375 765 se
399 713 594 785 negaverunt,
625 707 702 766 sicut
725 705 874 785 quondam
897 705 1022 767 Caudini
1045 707 1156 768 lece-⁵

107 799 189 873 rant,
212 794 346 854 dicentes
369 792 518 873 publicam
532 793 719 854 violationem
741 794 810 854 fidei
833 813 893 855 non
910 793 1020 855 debere
1035 798 1130 857 unius

108 881 150 940 lui
174 885 325 961 sanguine.

78 985 92 1033 1
197 968 227 1031 2.
264 970 416 1031 Inmanem
443 970 554 1031 deditio
581 970 709 1030 Mancini
736 972 863 1031 civitatis
890 973 982 1031 movit
1010 972 1128 1033 dissen-

109 1060 232 1120 sionem.
275 1062 384 1139 quippe
413 1057 552 1119 Tiberius
581 1057 745 1139 Gracchus,
773 1058 886 1119 Tiberii
914 1058 1040 1120 Gracchi
1067 1060 1129 1121 cla·

109 1149 220 1207 nissimi
257 1156 346 1227 atque
384 1148 611 1208 eminentissimi
642 1149 698 1207 viri
732 1147 824 1229 fihus,
859 1146 892 1208 P.
927 1147 1056 1208 Africani
1090 1168 1129 1210 ex
1143 1161 1166 1202 1⁰

109 1235 168 1294 lilia
200 1255 307 1316 nepos,
339 1254 398 1314 quo
432 1242 589 1315 quaestore
623 1242 652 1296 et
685 1242 805 1297 auctore
838 1236 880 1318 id
899 1236 1004 1297 foedus
1031 1239 1130 1298 ictum

78 1331 186 1404 serat,
216 1342 297 1385 nunc
325 1325 453 1402 graviter
477 1325 577 1384 ferens
600 1324 711 1402 aliquid
734 1342 750 1383 a
773 1343 805 1384 se
828 1332 950 1403 pactum
971 1326 1129 1408 infirmari,

109 1429 189 1471 nunc
223 1411 327 1472 similis
354 1411 401 1472 vel
432 1412 536 1472 iudicii
562 1413 609 1473 vel
640 1431 753 1491 poenae
786 1421 923 1473 metuens
955 1413 1128 1495 discrimen,

108 1499 248 1561 tribunus
270 1501 309 1580 pl.
334 1507 465 1582 creatus,
492 1503 539 1560 vir
562 1501 671 1579 alioqui
694 1503 753 1562 vita
775 1503 1053 1583 innocentissimus,
1081 1505 1127 1564 in-

109 1590 195 1666 genio
216 1587 459 1670 florentissimus,
481 1592 634 1669 proposito
649 1591 867 1671 sanctissimus,
890 1592 980 1650 tantis
995 1589 1127 1670 denique
1142 1602 1165 1644 1⁵

109 1677 269 1739 adornatus
283 1676 457 1759 virtutibuS,
481 1686 606 1756 quantas
620 1679 753 1757 perlecta
767 1686 797 1739 et
813 1687 919 1739 natura
933 1687 964 1739 et
977 1680 1128 1741 industria

108 1767 244 1827 mortalis
267 1767 402 1827 condicio
425 1768 545 1848 recipit,
570 1765 602 1826 P.
626 1766 723 1828 Mucio
748 1766 886 1828 Scaevola
908 1765 940 1827 L.
965 1767 1127 1847 Calpurnio
1172 1846 1174 1851 Ι

110 1855 282 1915 consulibus
306 1854 413 1915 abhinc
437 1873 530 1915 annos
554 1863 674 1916 centum
698 1858 849 1934 sexaginta
863 1855 938 1917 duos
961 1857 1086 1917 descivit
1111 1876 1128 1917 a
1154 1854 1174 1957 Ι

78 1941 210 2024 abonis,
232 1943 443 2021 pollicitusque
466 1945 522 2002 toti
535 1942 634 2003 ltaliae
654 1945 818 2025 civitatem,
842 1944 930 2004 simul
944 1947 1032 2004 etiam
1055 1963 1126 2024 pro·
1172 1962 1174 1973 ·

109 2030 246 2108 mulgatis
260 2033 384 2110 agrariis
402 2030 533 2112 legibus,
556 2031 695 2092 omuibus
709 2039 819 2093 statum
833 2032 1165 2116 concupiscentiosa

109 2137 224 2179 summa
246 2121 314 2180 imis
338 2122 457 2180 miscuit
481 2128 510 2180 et
532 2122 563 2180 in
586 2129 781 2201 praeruptum
805 2129 893 2200 atque
913 2140 1022 2200 anceps
1045 2124 1126 2201 peri·
1172 2164 1174 2233 Ι

109 2207 211 2269 culum
242 2208 364 2270 adduxit
395 2226 459 2269 rem
491 2209 648 2287 publicam.
695 2208 875 2289 Octavioque
909 2209 1037 2289 collegae
1068 2229 1126 2290 pro

108 2296 187 2356 bono
214 2295 334 2377 publico
362 2300 452 2358 stanti
479 2298 639 2376 imperium
663 2297 827 2379 abrogavit,
849 2300 1022 2359 triumviros
1046 2302 1128 2378 agris

109 2384 275 2446 dividendis
304 2386 476 2464 colonisque
507 2384 689 2446 deducendis
719 2388 829 2446 creavit
861 2405 893 2446 se
926 2405 1127 2467 socerumque
1172 2432 1174 2447 .

109 2491 211 2552 suum,
244 2474 431 2534 consularem
454 2473 595 2555 Appium,
631 2481 660 2533 et
684 2472 789 2535 Gaium
812 2475 948 2563 fratrem=
966 2475 1127 2539 admodum
1141 2488 1165 2532 to

108 2578 254 2620 iuvenem.

180 2752 196 2801 3
216 2746 368 2817 *poename
392 2747 496 2818 quippe
515 2748 580 2818 AP,
599 2749 749 2817 quicquam
766 2767 856 2805 noxae
874 2750 1022 2809 recusandi
1041 2752 1130 2808 Maa-

109 2819 163 2944 qip,
176 2820 242 2944 'plui
257 2819 313 2943 qno
334 2824 403 2874 recte
427 2821 562 2944 iqtqllgaplit
583 2821 711 2944 oitioqom
733 2837 787 2945 ἷξε
808 2825 980 2947 sorippuroqe3
999 2821 1106 2944 qnippe

110 2906 183 3029 lieri,l
194 2906 243 3015 eii.
261 2906 439 3042 Heme
455 2907 500 3014 eo
520 2907 581 3015 rii.
602 2961 637 3043 e,
656 2907 916 3031 oiiiuigiipa.
935 2963 976 3019 ra
996 2908 1130 3033 effi
1172 2980 1174 2985 ·

109 3032 172 3086 nius
193 3036 197 3098 1
220 3030 382 3086 Greacchus
407 3030 495 3085 'libor
518 3030 618 3086 Gracc1
642 3033 670 3085 A
783 3040 816 3088 12
841 3036 956 3104 pactum
979 3033 1129 3106 Kreysoiq:

109 3102 218 3157 iactum
236 3103 300 3171 AP,
319 3105 415 3158 cotum
433 3101 567 3156 Frdhie‘ch
661 3109 694 3157 13
717 3103 829 3159 intuens
847 3105 875 3158 A
969 3109 1003 3158 20
1022 3105 1132 3161 statum

112 3174 151 3228 P:
170 3174 278 3228 fectum
291 3175 327 3242 A,
346 3174 403 3229 ista
419 3175 481 3227 tum
495 3173 603 3243 Haupt,
621 3173 686 3240 sort.
701 3176 806 3229 statum
822 3192 927 3230 novum
946 3175 997 3242 (ool
1015 3173 1129 3246 alinm);

111 3245 146 3311 cf.
161 3252 187 3313 2,
203 3251 276 3315 'lm
295 3247 430 3315 (omnium
449 3246 554 3299 statum
573 3244 796 3300 concutientibus
812 3245 936 3314 In'psius,
955 3245 1007 3300 olii
1025 3247 1096 3315 olio)

111 3319 145 3368 21
165 3315 256 3384 adque
274 3317 302 3371 A
390 3323 424 3372 23
443 3315 571 3388 publicos
588 3315 663 3370 ionii
679 3317 729 3384 Al
748 3316 896 3386 adrogauit
915 3316 978 3370 MA
994 3319 998 3387 l
1019 3316 1131 3372 urium-

111 3383 181 3507 rgro.
200 3387 275 3508 qenis
290 3389 360 3514 {lm
420 3386 647 3515 illqoloniisqne
666 3386 730 3456 AP,
749 3403 797 3442 em.
816 3388 942 3460 Inpoiuaj
1025 3392 1061 3441 25
1079 3385 1133 3444 *eh

138 3471 202 3510 racc
223 3473 272 3510 nm
360 3476 406 3515 em
