2422 3848
147 155 188 219 78
640 156 667 209 Π

117 335 131 381 1
236 318 288 383 68.
336 321 396 383 Suo
427 324 623 402 praeteritum
653 320 719 381 loeo
751 319 914 399 reseratum
950 337 1055 399 neque
1090 321 1162 381 enim

144 428 272 489 persona
294 409 431 471 umbram
454 419 536 471 antae
559 412 605 470 nei
627 412 714 488 capit.
758 409 829 469 dum
850 410 882 468 in
905 409 969 469 acie
992 406 1162 469 Pharsalica

145 501 253 560 aeriter
276 499 313 559 de
337 517 451 561 summa
474 516 577 559 rerum
601 496 708 558 Caesar
735 497 869 577 dimicat,
894 496 932 557 M.
956 495 1099 579 Caelius,
1123 498 1162 557 vir

145 587 262 666 eloquio
286 591 443 666 animoque
460 586 582 647 Curioni
606 586 786 666 simillimus,
809 584 862 645 sed
885 587 917 645 in
939 593 1080 665 utroque
1102 602 1163 666 per·

145 678 250 737 lectior
286 695 343 737 nee
379 678 479 737 minus
515 677 668 754 ingeniose
701 692 843 756 nequam,
875 692 943 734 oum
975 691 1016 734 ne
1050 674 1177 735 modion

145 765 266 843 quidem
289 783 325 825 re
348 767 460 825 servani
482 772 584 843 posset
614 757 739 845 (quippe
763 764 848 842 peior
870 761 913 822 illi
935 780 986 822 nes
1010 762 1164 825 familiaris

114 865 233 931 aquam
256 870 340 912 mens
364 846 458 934 enat),
482 855 514 913 in
537 860 677 931 praetura
700 869 844 912 novarum
865 850 1036 912 tabularum
1062 860 1164 913 auctor

146 943 244 1001 extitit
266 943 439 1020 nequiitque
463 949 584 1001 senatus
608 948 638 1000 et
660 939 792 1000 consulis
811 940 987 1000 auctoritate
1002 939 1164 1021 deterreri3

146 1031 239 1090 aeeito
255 1032 342 1090 etiam
357 1030 465 1090 Milone
480 1031 589 1109 Annio,
613 1030 664 1107 qui
681 1047 741 1089 non
755 1031 912 1107 impetrato
926 1028 1028 1089 reditu
1042 1028 1164 1091 lulian'n

145 1117 279 1197 partibus
302 1119 430 1179 infestus
455 1126 531 1198 erat,
554 1120 585 1177 in
608 1116 683 1178 urbe
707 1117 897 1198 seditionem,
924 1118 957 1176 in
979 1119 1065 1195 agris
1090 1116 1164 1179 haud

145 1207 261 1267 occulte
293 1206 433 1268 bellinum
465 1205 626 1266 tumultum
658 1223 793 1286 movens,
824 1207 921 1285 primo
950 1213 1164 1267 summotusa

145 1313 178 1354 re
207 1293 340 1373 publiea,
367 1312 436 1354 mox
465 1292 671 1354 consularibus
694 1296 784 1354 armis
807 1302 929 1354 auctore
952 1301 1064 1354 senatu
1090 1297 1164 1355 oirot

115 1382 275 1442 aThurios
303 1400 464 1461 oppressus
492 1390 546 1442 est.
597 1385 628 1442 in
655 1384 774 1460 incepto
806 1384 872 1462 pari
900 1380 1006 1442 similis
1041 1382 1164 1445 fontum

146 1469 263 1529 Milonis
291 1471 360 1551 luit,
392 1473 444 1549 qui
467 1470 622 1549 Colnpsam
652 1473 684 1530 in
707 1469 841 1550 Hirpinis
868 1488 1044 1550 oppugnans
1074 1473 1163 1533 intua

147 1576 204 1636 que
227 1557 323 1637 lapide
347 1577 415 1618 cum
439 1559 470 1619 Ρ.
486 1558 601 1640 Clodio,
624 1568 689 1619 tum
711 1560 838 1640 patriae,
861 1577 949 1637 quam
965 1561 1060 1619 armis
1084 1568 1162 1640 pete

146 1645 208 1727 bat,
231 1665 342 1726 poenas
366 1647 458 1728 dedit,
481 1649 527 1707 vin
549 1650 667 1725 inquies
690 1655 720 1707 et
742 1646 820 1707 ultra
843 1648 951 1708 iontem
973 1650 1163 1711 temerarius

114 1743 294 1812 oquatenus
321 1744 420 1796 autem
448 1735 559 1814 aliquid
587 1754 623 1795 ex
651 1737 768 1795 omissis
796 1744 880 1817 peto,
908 1742 1031 1797 notetur
1058 1738 1162 1798 immo

145 1823 210 1883 dica
234 1833 264 1885 et
286 1826 493 1902 intempestiva
520 1822 657 1884 libertate
684 1842 756 1884 usos
779 1824 921 1886 adversus
949 1822 979 1883 C.
1004 1822 1162 1887 Caesarem

145 1911 303 1972 Marullum
316 1911 455 1990 Epidium
469 1911 649 1990 Flauumque
667 1911 835 1973 Caesetium
857 1912 994 1973 tribunos
1017 1912 1070 1995 pl,
1094 1914 1162 1975 dum

145 2009 274 2077 arguunt
297 2002 328 2059 in
352 2018 387 2059 eo
410 2002 496 2079 regni
518 2000 712 2081 voluntatem,
741 2019 835 2079 paene
863 2003 921 2060 vim
949 2000 1184 2063 domInationlsn

113 2095 291 2165 oexpentos
337 2089 368 2147 in
396 2087 453 2148 hoo
481 2095 579 2149 tamen
608 2106 695 2168 saepe
723 2088 853 2149 lacessiti
875 2090 1021 2168 principis
1043 2091 1092 2151 ira
1116 2108 1161 2151 ex·

145 2179 248 2257 cessit,
275 2184 310 2237 ut
338 2179 473 2237 censoria
500 2179 600 2256 potius
628 2185 787 2238 contentus
816 2185 886 2238 nota
914 2195 1002 2256 quam
1030 2178 1160 2241 animad-

143 2267 280 2326 versione
303 2265 458 2326 dictatoria
482 2272 682 2326 summoveret
705 2284 757 2325 eos
773 2285 789 2325 a
803 2284 837 2339 re
851 2265 970 2345 publiea
984 2273 1161 2329 testaretur·

144 2371 201 2431 que
230 2373 295 2415 esse
324 2352 381 2414 sibi
408 2356 623 2434 miserrimum,
653 2353 731 2431 qnod
760 2362 811 2415 aut
839 2362 945 2415 natura
973 2372 1028 2415 sua
1054 2358 1086 2416 ei
1113 2374 1160 2417 ex·

143 2441 308 2502 cedendum
336 2443 414 2503 loret
441 2449 492 2503 aut
514 2441 674 2501 minuenda
698 2442 833 2520 dignitas.
880 2442 932 2503 sed
959 2442 995 2502 a'd
1021 2443 1160 2505 ordinem

139 2531 348 2590 revertendum
372 2537 427 2589 est.

211 2670 227 2717 3
247 2663 350 2717 aeriter
367 2663 479 2730 Haupt:
498 2662 649 2733 Afrioaque
667 2665 733 2732 ΛΡ,
752 2665 882 2734 circaque
901 2666 1017 2736 inpetus

141 2737 156 2786 5
175 2749 210 2786 na
233 2733 344 2787 modica
367 2733 480 2801 quidem
502 2750 532 2788 re
550 2736 653 2789 Aldus:
676 2736 828 2790 immodica
851 2736 891 2804 (in
908 2737 1020 2791 modion
1040 2736 1080 2805 P)
1099 2736 1160 2808 qui-

140 2803 204 2857 dem
218 2802 285 2871 AP,
302 2820 338 2857 ne
356 2804 386 2857 in
404 2804 516 2860 modica
534 2805 647 2874 quidem
664 2806 718 2861 fide
738 2807 859 2877 Madoiq
876 2806 1081 2876 Aao.=11,aoo;
1100 2810 1160 2879 ipso

140 2876 234 2928 malim
252 2890 287 2929 ne
305 2874 456 2930 immodica
474 2876 587 2945 quidem
605 2893 635 2930 re
656 2878 707 2946 (vel
724 2876 790 2945 lide)
881 2882 897 2931 8
916 2879 946 2932 et
963 2878 1091 2933 consulis
1110 2880 1159 2950 (aie

139 2947 197 2999 iam
209 2945 335 3016 Lepsios)
350 2949 455 3001 auctor.
471 2947 601 3002 Gladium
621 2948 650 3002 et
665 2947 832 3003 auctoritate
847 2947 943 3003 OOSS.
957 2948 1023 3011 ΑΡ,
1042 2951 1158 3005 senaim

140 3015 268 3070 consulto
287 3019 317 3071 et
334 3020 407 3072 anet.
427 3035 501 3072 eone.
524 3018 609 3073 Orelli
687 3023 703 3071 9
721 3018 872 3088 impetrato
893 3019 931 3073 P:
954 3020 1112 3089 imperator
1129 3022 1157 3077 A

194 3093 227 3141 10
250 3087 280 3141 in
302 3087 377 3158 agiis
400 3088 477 3143 haud
496 3090 661 3143 Mommsen:
689 3089 765 3144 haud
789 3091 881 3160 magis
898 3090 964 3158 ΑΡ,
983 3091 1014 3144 at
1030 3090 1062 3144 in
1080 3091 1157 3163 tegrin

139 3156 216 3226 Lips.
290 3165 323 3213 13
342 3159 442 3214 Turios
460 3158 520 3212 ΑΡ
534 3160 538 3227 l
554 3158 584 3211 in
601 3160 666 3213 add.
686 3160 862 3230 Madoa'q,i11
880 3163 981 3231 coepto
992 3160 1113 3218 -Voaaiua

140 3234 173 3282 14
191 3229 291 3298 Irpinis
309 3230 368 3283 ΑΡ
453 3236 485 3283 15
506 3246 569 3284 cum
589 3228 685 3284 orent:
703 3232 765 3285 tum
782 3231 842 3285 ΛΡ
931 3239 964 3286 16
982 3231 1086 3288 fortem
1106 3232 1155 3288 M:

139 3301 242 3354 sortem
260 3300 319 3354 ΑΡ
391 3307 423 3354 1‘1
442 3302 540 3369 repeto
559 3300 693 3355 Helonius
766 3308 798 3356 19
818 3301 977 3358 Caesetium
996 3304 1046 3357 M:
1068 3302 1155 3359 Caeso

139 3371 224 3424 etiam
242 3370 320 3439 ΑΡΙ
336 3371 421 3424 duum
439 3372 467 3424 A
548 3375 582 3424 20
601 3370 658 3424 uim
677 3371 847 3428 Domitianis
865 3375 894 3427 A
975 3380 1009 3427 22
1029 3377 1154 3429 oontem-

137 3442 202 3508 pins
222 3442 287 3494 MA
