2422 3848
501 171 528 224 H
546 189 569 226 c.
590 179 613 226 1.
1026 172 1066 236 19

54 336 109 398 hoc
134 357 188 418 ego
211 341 303 419 magis
326 342 450 400 miratus
473 341 529 400 sim
552 358 641 418 quam
663 343 813 401 neminem
826 340 967 419 Argivum
990 339 1065 402 The-

53 424 162 487 banum
176 425 441 489 Lacedaemonium
458 436 607 489 oratorem
630 436 680 489 aut
703 429 774 490 dum
797 430 869 489 vixit
891 431 1065 491 auctoritate

53 523 104 576 aut
117 524 185 595 post
199 524 327 577 mortem
340 519 482 578 memoria
496 518 618 596 dignum
633 520 841 578 existimatum.
878 519 953 595 quae
976 518 1067 578 urhes
1082 531 1098 579 3

54 610 84 663 et
112 606 144 664 in
172 603 227 664 alia
253 605 356 666 talium
387 605 554 666 studiorum
585 606 669 666 luere
702 607 834 688 steriles,
865 608 923 665 nisi
950 604 1067 665 Thebas

25 701 146 752 ⁵unum
169 711 203 753 os
225 693 346 754 Pindari
368 694 571 755 inluminaret:
604 712 672 755 nam
686 694 824 756 Alcmana
838 692 970 755 Lacones
994 693 1067 754 falso

53 779 110 840 sihi
133 782 290 843 vindicant.

351 1028 483 1090 LIBER
509 1029 770 1092 Posrnnron.

143 1187 170 1249 1.
207 1189 361 1250 Potentiae
384 1190 586 1250 Romanorum
613 1193 696 1270 prior
721 1190 820 1270 Scipio
844 1192 920 1249 viam
944 1205 1096 1268 apeme-1

51 1285 110 1354 rat,
133 1277 267 1339 luxuriae
290 1280 441 1357 posterior
464 1280 593 1359 apernit:
626 1281 735 1359 quippe
750 1286 865 1339 remoto
881 1277 1067 1358 Carthaginis
1132 1303 1137 1309 ·

10 1373 36 1412 1⁰
50 1373 132 1427 metu
156 1366 330 1445 sublataque
353 1368 471 1446 imperii
494 1367 608 1428 aemula
627 1386 687 1428 non
705 1369 812 1449 gradu,
836 1368 888 1427 sed
910 1369 1068 1447 praecipiti

51 1472 141 1515 cursu
174 1473 189 1514 a
222 1457 331 1516 virtute
365 1455 526 1536 descitum,
559 1455 595 1516 ad
627 1458 697 1517 vitia
729 1465 948 1536 transcursum,
980 1463 1066 1516 vetus

50 1542 204 1622 disciplina
228 1543 359 1623 deserta,
383 1562 456 1603 nova
480 1545 614 1625 inducta3
637 1547 668 1604 in
692 1563 830 1605 somnum
853 1543 1006 1624 avigiliis,
1029 1543 1066 1603 ah

50 1634 138 1691 armis
162 1631 198 1691 ad
221 1632 402 1713 voluptates,
426 1650 441 1690 a
464 1635 591 1711 negotiis
614 1635 645 1692 in
668 1635 763 1693 otium
785 1649 932 1693 conversa
954 1633 1066 1693 civitas.

49 1728 112 1781 tum
137 1720 236 1800 Scipio
260 1720 365 1779 Nasica
387 1723 419 1780 in
443 1719 587 1800 Capitolio
609 1723 757 1802 porticus,
783 1728 861 1802 tum,
885 1738 957 1798 quas
980 1734 1096 1799 prae-2

10 1817 35 1856 1⁵
50 1808 191 1889 diximus,
214 1808 363 1889 Metellus,
386 1817 450 1870 tum
473 1811 504 1869 in
528 1812 608 1870 circo
623 1808 675 1870 Cn.
691 1809 830 1870 Octavius
851 1809 944 1870 multo
968 1827 1066 1868 amoe-

50 1899 202 1958 nissimam
230 1896 325 1956 moliti
352 1905 434 1978 sunt,
462 1897 669 1976 publicamque
692 1899 940 1978 magnificentiam
963 1906 1066 1958 secuta

49 1988 163 2066 prIvata
186 1985 303 2045 luxuria
326 1993 379 2045 est.
416 1987 502 2046 triste
526 1986 632 2046 deinde
648 1995 678 2047 et
692 1986 940 2047 contumeliosum
953 1984 1095 2048 belluina

48 2077 80 2134 in
103 2072 244 2152 Hispania
268 2072 343 2132 duce
366 2072 515 2133 latronum
529 2072 660 2134 Viriatho
680 2084 815 2135 secutum
840 2082 898 2136 est:
931 2075 1010 2153 qnod
1024 2077 1065 2136 ita

48 2165 128 2222 varia
151 2162 270 2222 fortuna
293 2169 410 2239 gestum
429 2168 488 2242 est,
511 2169 545 2221 ut
560 2165 677 2240 saepius
692 2162 894 2224 Romanorum
908 2170 1065 2242 gereretur

10 2259 33 2298 20
48 2251 178 2311 adversa.
216 2249 268 2311 sed
287 2251 467 2329 interempto
479 2248 611 2310 Viriatho
626 2250 729 2311 fraude
744 2253 837 2329 magis
852 2268 940 2329 quam
954 2254 1064 2311 virtute

49 2338 166 2399 Servilii
190 2336 346 2418 Caepionis
359 2337 573 2399 Numantinum
596 2341 715 2418 gravius
739 2341 856 2399 exarsit.
893 2338 967 2398 haec
990 2337 1064 2398 urbs

47 2445 209 2506 numquam
232 2427 426 2507 pluraquam
449 2427 552 2487 decem
567 2427 646 2487 milla
668 2429 807 2507 propriae
830 2429 993 2488 iuventutis
1017 2440 1095 2488 ειν-4

47 2518 149 2597 mavit,
178 2516 229 2576 sed
256 2515 303 2575 vel
330 2516 441 2576 ferocia
468 2517 580 2594 ingenii
602 2516 650 2575 vel
673 2517 790 2576 inscitia
813 2523 986 2576 nostrorum
1010 2516 1062 2576 du·

47 2621 117 2664 cnm
139 2604 185 2663 vel
208 2605 344 2664 fortunae
368 2603 552 2682 indulgentia
575 2622 643 2664 cnm
667 2604 739 2664 alios
763 2604 868 2686 duceS,
892 2614 955 2666 tum
976 2605 1062 2664 Pom-

10 2707 31 2747 rs
45 2695 148 2771 poium
172 2694 270 2772 magni
293 2693 421 2751 nominis
446 2693 542 2752 virum
556 2693 591 2752 ad
612 2694 783 2772 turpissima
798 2693 920 2754 deduxit
943 2693 1063 2754 foedera

47 2776 110 2858 (hic
137 2782 252 2859 primus
280 2798 296 2839 e
323 2779 462 2858 Pompeis
490 2780 595 2840 consul
627 2775 713 2862 luit),
746 2800 801 2842 nec
833 2784 931 2842 minus
963 2784 1063 2861 turpia

119 3023 207 3076 lhoc
227 3037 279 3092 ego
298 3021 340 3075 A:
364 3037 416 3090 ego
435 3021 490 3076 hoc
510 3021 538 3075 P
608 3042 611 3047 ’
635 3027 742 3090 3quae
763 3023 801 3077 P:
826 3038 880 3090 que
900 3020 964 3075 MA

44 3090 112 3144 tin
130 3093 188 3146 elia
205 3091 330 3160 Sauppe:
353 3091 465 3146 initalia
483 3092 556 3160 MA,
580 3108 629 3147 orn.
651 3094 685 3160 P,
705 3094 740 3159 cf.
760 3101 785 3162 2,
805 3098 883 3159 13,1
911 3091 942 3144 in
967 3090 1062 3144 omnia

44 3167 71 3216 et
90 3162 404 3232 naunotonensi,
425 3169 476 3218 153
493 3165 497 3231 Ι
521 3163 576 3218 nisi
594 3164 671 3218 MA:
694 3164 725 3216 ni
745 3165 774 3216 P
871 3170 887 3217 6
905 3161 1059 3215 uindicant.

43 3231 180 3286 VELLEI
210 3233 416 3289 PATERCULI
442 3233 493 3288 AD
525 3234 562 3290 M.
590 3233 761 3288 VINIOIUM
787 3232 897 3288 LIBER
923 3231 1060 3286 PRIMUS

43 3302 149 3357 EXPL.
169 3303 197 3357 A
295 3311 329 3359 22
351 3322 495 3374 nunquam
513 3309 544 3368 ἱ,
560 3305 643 3374 plura
666 3321 751 3372 quam
775 3304 905 3374 propriae
923 3303 989 3371 ΑΡ,
1012 3320 1059 3359 ent

43 3373 136 3429 Aldus
227 3379 260 3427 23
278 3373 391 3430 inscitia
408 3377 477 3431 AP:
504 3376 594 3430 inscia
613 3377 657 3443 M,
680 3375 829 3429 inscientia
847 3375 976 3430 Moebc'us

44 3451 79 3500 26
98 3443 245 3500 hic-fuit
262 3445 336 3500 obelo
353 3449 460 3503 notaoit
476 3447 618 3518 Kreyssip,
637 3451 669 3502 ut
687 3463 721 3501 ec
738 3446 773 3515 II,
793 3451 836 3513 21,
855 3451 871 3500 5
891 3447 997 3502 innecto

809 3533 846 3589 2*
