2422 3848
543 147 567 185 c.
587 138 611 185 6.
631 136 656 184 l.
881 182 884 189 f
1064 129 1107 193 25

95 315 167 357 num
199 299 400 375 immunisque
432 296 609 356 delictorum
640 304 847 376 paternorum,
882 295 977 357 Fulvii
1010 296 1109 356 Flacci

95 385 186 465 filius,
210 404 300 464 quem
326 394 411 463 pater
438 384 569 463 legatum
596 383 632 443 de
661 382 1041 464 condicionihus'miserat,
1071 384 1107 445 ab

95 473 211 553 Opimio
235 476 432 552 interemptus
455 481 509 533 est.
547 491 637 551 quem
653 491 721 532 cum
744 472 892 551 haruspex
907 473 1024 533 Tuscus
1038 476 1108 533 ami·

95 580 148 622 cus
176 562 296 622 flentem
324 565 355 621 in
378 561 494 621 vincula
518 561 587 622 duci
609 561 744 641 vidisset,
769 564 840 638 quin
864 571 897 621 tu
920 560 976 620 hoc
1000 564 1108 643 potius,

68 663 80 703 ⁵
95 653 204 730 inquit,
228 647 322 710 sacis?
353 652 549 729 protinusque
564 649 651 709 inliso
666 651 762 728 capite
776 651 807 708 in
821 657 937 728 postem
960 649 1110 728 lapideum

94 742 198 799 ianuae
228 740 357 799 carceris
384 739 537 816 effusoque
566 736 691 798 cerebro
719 739 870 817 expiravit.
912 737 1139 816 crudelesque3

94 845 163 886 mox
186 830 375 905 quaestiones
397 829 429 886 in
444 829 554 886 amicos
569 825 751 904 clientesque
767 824 969 886 Gracchorum
992 826 1108 886 habitae

95 924 174 975 sunt.
225 915 277 974 sed
306 913 469 995 Opimium,
496 917 593 973 virum
621 913 731 991 alioqui
759 922 894 975 sanctum
925 921 956 974 et
979 933 1109 996 gravem,

96 1004 266 1062 damnatum
288 1010 391 1081 postea
414 1002 523 1062 iudicio
546 1001 665 1080 publico
697 1004 840 1062 memoria
861 1005 949 1062 istius
972 1005 1110 1064 saevitiae

56 1106 82 1144 ro
97 1090 176 1151 nulla
205 1090 298 1150 civilis
325 1099 484 1169 prosecuta
508 1098 553 1149 est
576 1091 787 1150 misericordia.
834 1090 937 1150 eadem
959 1090 1142 1170 Rupilium4

94 1178 314 1259 Popiliumque,
343 1181 394 1256 qui
422 1178 560 1238 consules
591 1181 753 1256 asperrime
785 1181 816 1238 in
844 1178 957 1239 Tiberii
986 1178 1111 1239 Gracchi

95 1268 205 1326 amicos
233 1269 410 1348 saevierant,
442 1275 545 1345 postea
576 1267 754 1327 iudiciorum
782 1266 970 1346 publicorum
1004 1270 1110 1328 merito

95 1357 243 1434 oppressit
266 1355 383 1415 invidia.
421 1358 465 1415 rei
488 1363 586 1416 tantae
609 1374 715 1434 parum
738 1356 774 1415 ad
796 1357 934 1416 notitiam
956 1359 1111 1435 pertinens

94 1445 310 1522 interponatur.
356 1444 404 1503 hic
428 1453 474 1506 cst
497 1443 646 1524 Opimium,
674 1463 690 1503 a
718 1463 777 1522 quo
806 1443 928 1504 consule
952 1444 1141 1505 celeberri·5

55 1547 81 1586 15
95 1550 179 1591 mum
201 1531 349 1612 Opimiani
370 1535 432 1592 vini
455 1550 576 1612 nomen3
605 1533 684 1611 quod
707 1535 766 1592 iam
789 1532 904 1592 nullum
927 1551 992 1593 esse
1017 1535 1111 1611 spatio

97 1638 241 1680 annorum
266 1620 364 1700 colligi
386 1629 498 1701 potest,
526 1638 595 1681 curm
618 1619 653 1680 ah
678 1639 713 1680 eo
737 1622 798 1680 sint
820 1620 856 1680 ad
879 1629 922 1700 te,
948 1621 984 1680 M.
1008 1620 1112 1701 Vinici,

96 1710 250 1769 consulem
277 1712 346 1769 anni
374 1719 496 1769 centum
523 1717 553 1769 et
582 1711 803 1788 quinquaginta.
855 1709 966 1768 factum
995 1707 1142 1790 Opimio

96 1798 175 1875 quod
211 1799 433 1858 inimicitiarum
472 1798 605 1875 quaesita
646 1804 709 1856 erat
745 1796 834 1876 ultio,
875 1798 972 1855 minor
1009 1804 1112 1857 secuta

97 1888 271 1966 auctoritas,
295 1894 324 1946 et
338 1888 399 1946 visa
422 1884 495 1945 ultio
518 1887 633 1963 privato
658 1884 730 1944 odio·
748 1886 841 1963 magis
863 1903 952 1962 quam
974 1884 1111 1964 publicae

56 1989 84 2028 ro
99 1973 244 2032 vindictae
268 1973 342 2033 data.

186 2061 220 2119 ln
243 2060 358 2137 legibus
373 2058 498 2119 Gracchi
512 2062 591 2120 inter
613 2063 865 2138 perniciosissima
886 2063 1113 2142 numeraverim,
1129 2072 1143 2120 t

98 2148 177 2226 quod
201 2155 283 2208 extra
298 2147 411 2208 ltaliam
435 2147 565 2207 colonias
588 2151 696 2226 posuit.
733 2149 763 2208 id
786 2151 927 2229 maiores,
951 2168 1020 2209 cum
1034 2151 1112 2210 vide·

95 2245 165 2296 rent
188 2243 269 2296 tanto
292 2238 492 2315 potentiorem
516 2237 594 2315 Tyro
613 2236 833 2316 Carthaginem,
857 2237 1015 2297 Massiliam
1037 2237 1112 2297 Pho-

97 2343 179 2404 caea,
208 2325 369 2404 Syracusas
398 2323 553 2406 Corintho,
582 2323 719 2403 Cyzicum
747 2343 780 2384 ac
808 2324 981 2403 Byzantium
1004 2325 1113 2406 Mileto,

56 2414 218 2491 argentean
247 2413 323 2492 solo,
356 2412 512 2491 diligenter
539 2416 702 2473 vitaverant
735 2420 764 2473 et
797 2414 868 2473 civis
895 2412 1044 2472 Romanos
1077 2414 1113 2473 ad

97 2501 280 2562 censendum
309 2519 344 2561 ex
371 2503 532 2580 provinciis
559 2504 589 2560 in
613 2501 726 2561 ltaliam
755 2509 973 2562 revocaverant.
1017 2503 1143 2580 prima8

96 2596 195 2650 autem
225 2598 308 2650 extra
336 2589 450 2650 ltaliam
477 2590 591 2649 colonia
619 2589 764 2669 Carthago
796 2590 913 2649 condita
944 2597 998 2650 est.
1044 2590 1113 2651 sub·

167 2764 183 2811 5
206 2761 317 2828 postem
340 2761 444 2814 Aldus:
467 2761 584 2829 pontem
604 2760 663 2813 ΑΡ
758 2767 774 2814 6
799 2759 974 2828 crudelisque
997 2761 1024 2813 A

95 2833 112 2880 8
131 2829 259 2896 alioquin
276 2829 317 2896 A,
340 2832 386 2884 aed
408 2831 479 2884 idem
501 2830 536 2897 Π,
556 2836 580 2897 2,
600 2837 616 2882 2
636 2836 661 2884 et
679 2836 722 2897 33,
742 2837 759 2883 4
785 2832 891 2898 alioqui
999 2830 1114 2884 illelius

96 2898 225 2953 Clodius:
240 2900 328 2968 ipsius
342 2900 401 2953 ΑΡ
472 2907 506 2963 10
520 2903 668 2970 persecuta
680 2901 746 2967 ΑΡ,
760 2919 807 2956 ena.
823 2901 940 2956 Clodius
956 2900 960 2972 Ι
976 2901 1115 2954 Rutilium

94 2969 160 3037 ΑΡ,
175 2987 222 3024 em.
237 2971 329 3024 Aldus
402 2976 436 3024 14
450 2971 644 3041 interponetur
657 2972 722 3038 ΑΡ,
739 2989 786 3026 om.
801 2972 936 3026 Heinsius
1008 2976 1041 3024 15
1055 2971 1115 3024 vini

96 3041 199 3095 Zuslue
217 3042 260 3109 (ln
276 3057 363 3111 marg.
383 3043 435 3110 A):
453 3042 541 3096 uicini
558 3044 595 3108 A,
613 3042 670 3096 uici
690 3042 718 3094 P
790 3049 823 3098 16
843 3043 899 3096 sint
918 3043 994 3096 MA:
1016 3058 1066 3095 om.
1087 3042 1116 3094 P

151 3117 183 3165 1v
199 3133 230 3166 cn
243 3112 347 3167 Aldus:
367 3132 410 3166 cnr
424 3112 489 3181 ΑΡ,
508 3133 562 3167 cun
576 3113 702 3168 Laurenl
774 3119 807 3168 21
827 3113 910 3167 verba
927 3113 957 3165 in
975 3112 1112 3181 legibus..

95 3181 210 3235 condita
228 3185 271 3236 est
287 3184 387 3238 hubent
399 3183 459 3236 ΑΡ
471 3188 534 3238 onte
552 3200 627 3238 mors
641 3184 726 3237 Drusi
740 3200 799 3251 cap.
816 3188 858 3249 15,
876 3183 930 3236 hoe
943 3183 1114 3252 transposuit

96 3252 230 3316 Clodium
257 3254 330 3321 qbelo
357 3254 449 3309 eodem
475 3256 583 3308 oolooe't
609 3255 762 3324 Kreyssipl
784 3254 955 3307 numerarim
979 3254 1007 3306 A

95 3328 129 3376 23
144 3321 306 3376 Phochcam
320 3325 348 3377 A
421 3330 454 3379 25
471 3327 500 3379 et
554 3327 756 3380 revocaverant
769 3324 928 3378 Acidaliae:
948 3327 977 3378 et
990 3327 1033 3394 (ut
1047 3325 1113 3394 P)..

94 3392 290 3448 reuocaverint
306 3394 365 3447 AP
