2422 3848
106 164 148 228 88
601 161 627 215 Π

105 329 280 409 pretabattu·
295 326 479 406 audebatque
494 326 671 387 denuntiare
686 324 817 404 Caesari,
840 324 1007 385 excederet
1023 324 1132 386 Sicilia

76 430 168 478 3non
191 417 228 478 ab
252 415 441 496 Scipionibus
464 415 588 493 aliisque
612 413 764 474 veteribus
786 412 992 473 Romanorum
1018 412 1133 475 ducum

108 507 267 586 quidquam
292 523 397 566 ausum
412 511 619 583 patratumque
644 503 751 562 lortius
765 519 855 580 quam
867 509 942 562 tunc
957 520 976 561 a
990 500 1132 563 Caesam.

108 599 217 675 quippe
241 613 311 655 cum
337 594 460 653 inermis
488 600 518 652 et
546 591 715 652 lacernatus
742 597 835 671 esset,
864 598 989 669 praeter
1018 608 1132 653 nornen

107 684 180 744 nibil
203 683 339 762 trahens,
366 683 520 759 ingressus
544 687 640 740 castra
662 679 779 759 Lepidi,
802 680 919 739 evitatis
943 681 1031 760 telas,
1056 692 1149 759 qum

106 774 192 832 iussu
214 771 343 830 hominis
365 770 532 848 pravissimi
555 770 587 827 in
610 786 679 828 eum
702 770 778 828 iacta
792 773 890 848 erant,
913 784 991 828 cum·
1008 766 1133 829 lacerna

108 862 173 919 eius
196 859 346 937 perforata
369 865 449 917 esset
470 856 586 937 lancea,
608 856 735 935 aquilam
759 855 884 933 legionis
902 873 1014 935 rapere
1041 874 1133 919 ausus

77 954 163 1007 test.
210 948 316 1027 scires,
340 945 411 1024 quid
433 948 594 1007 interesset
616 947 695 1006 inter
718 944 824 1005 duces:
855 946 964 1005 armati
980 946 1133 1005 inermem

109 1037 205 1096 secuti
233 1042 303 1095 sunt
331 1035 506 1114 decimoque
536 1052 614 1094 anno
638 1051 725 1111 quam
749 1032 785 1092 ad
808 1031 1054 1113 indignissimam
1076 1035 1133 1093 vlle

109 1143 162 1184 sua
194 1126 358 1203 potentiam
388 1130 579 1203 pervenerat,
610 1120 740 1201 Lepidus
772 1128 803 1181 et
829 1138 846 1181 a
873 1119 1023 1182 militibus
1058 1128 1091 1183 et
1116 1132 1155 1183 alt

109 1214 228 1273 lortuna
256 1212 394 1273 desertus
421 1206 574 1290 pulloque*
586 1209 700 1270 velatus
727 1208 854 1271 amiculo
882 1211 964 1269 inter
993 1209 1131 1271 ultimam

110 1301 324 1361 confluentium
348 1299 383 1359 ad
398 1297 554 1359 Caesarem
576 1298 694 1359 turbam
717 1298 813 1358 latens
835 1295 964 1376 genibus
988 1300 1061 1359 elus
1085 1298 1132 1359 ad·

109 1387 228 1447 uolutus
252 1396 306 1448 est.
343 1389 402 1447 vita
424 1404 585 1465 rerumque
610 1405 732 1447 suarum
753 1387 916 1446 dominium
931 1402 1084 1448 concessa
1105 1388 1131 1447 el

111 1484 193 1557 sunt,
217 1475 353 1556 spoliata,
377 1493 464 1553 quam
488 1477 568 1536 tueri
589 1494 651 1535 non
673 1483 803 1554 poterat,
826 1474 964 1553 dignitas.

80 1575 94 1622 1
200 1561 251 1625 81.
290 1563 392 1624 Subita
416 1564 522 1624 deinde
546 1566 696 1624 exercitus
719 1564 839 1644 seditio,
867 1564 919 1641 qui
947 1561 1155 1643 plerumqueu

112 1652 328 1732 contemplatus
356 1653 554 1731 frequentiam
582 1670 666 1712 suam
694 1670 709 1712 a
740 1651 894 1730 disciplina
920 1652 1069 1713 desciscit
1095 1660 1131 1732 et,

111 1740 191 1819 quod
215 1760 321 1820 eogere
345 1760 377 1801 se
399 1749 485 1820 putat
506 1758 609 1820 posse,
636 1759 742 1818 rogare
765 1758 826 1800 non
849 1741 993 1821 sustinet,
1020 1742 1131 1819 partim

79 1840 96 1888 2
112 1832 282 1909 severitate,
304 1831 412 1909 partim
425 1828 601 1889 liberalitate
616 1829 750 1889 discussa
762 1829 921 1907 principis,
944 1830 1130 1907 speciosum·

112 1936 169 1995 que
197 1936 251 1997 per
279 1917 358 1977 idem
386 1925 503 1995 tempus
527 1916 675 1976 adiectum
698 1916 938 1995 supplementum
960 1914 1130 1996 Campanae

111 2003 305 2064 coloniae**
329 2007 394 2065 eius
416 2004 514 2064 relicti
527 2012 620 2065 erant·
635 2003 760 2084 publici:
794 2022 850 2083 pro
874 2003 921 2064 bis
943 2003 1033 2082 longe
1056 2004 1157 2065 uben

111 2096 208 2152 riores
228 2092 343 2153 reditus
357 2092 516 2154 duodecies
540 2094 712 2153 sestertium
734 2095 765 2152 in
789 2092 876 2152 Creta
898 2090 997 2152 insula
1019 2092 1150 2155 redditi·

28 2189 38 2233 ἰ
113 2189 143 2240 et
166 2199 241 2259 aqua
262 2183 422 2262 promissa,
450 2199 525 2260 quae
547 2181 695 2259 hodieque
719 2181 868 2259 singulare
891 2187 922 2240 et
944 2179 1130 2241 salubritatis

33 2270 40 2289 ⁸
80 2270 345 2331 einstrumentum
381 2278 412 2330 et
445 2272 631 2330 amoenitatis
663 2277 869 2329 ornamentum
902 2275 956 2329 est.
1011 2270 1129 2349 insigne

184 2516 200 2563 2
219 2510 319 2564 aliisue
339 2508 425 2564 Orelli
500 2509 600 2564 obelis
618 2510 754 2579 supplevit
771 2509 843 2563 idem
922 2508 986 2562 bin
1004 2524 1073 2563 eum
1089 2508 1129 2563 As

112 2579 171 2633 tela
192 2580 305 2634 insum
331 2578 359 2631 P
373 2580 377 2647 l
393 2581 458 2633 aeta
475 2578 535 2633 ΑΡ
640 2587 656 2634 9
679 2578 903 2649 indignissimam
920 2578 1074 2635 Rubos-bena
1100 2579 1130 2634 in

113 2649 331 2702 dissimillimam
349 2648 409 2702 ΑΡ
497 2657 530 2704 14
547 2651 622 2705 tueri
641 2651 680 2706 P:
697 2650 801 2705 intueri
821 2650 885 2704 MA
971 2655 1006 2704 15
1025 2648 1131 2706 Secula

111 2720 293 2774 Boaelwruius
356 2726 390 2774 19
408 2719 484 2775 idem
502 2721 543 2775 A:
561 2720 591 2774 id
610 2721 639 2775 P
700 2727 735 2777 20
753 2719 893 2791 coloniae]
911 2721 1130 2789 supponerem

114 2791 230 2845 lacunae
250 2790 397 2859 petendum
418 2808 452 2846 ec
473 2792 577 2846 Diouis
600 2791 691 2848 Cassii
713 2794 794 2859 λ49,
814 2797 860 2846 14:
901 2784 975 2846 orico
999 2790 1054 2861 μὲν
1076 2782 1130 2849 οὖν

112 2855 177 2915 τότε
196 2856 264 2924 τοὺς
283 2857 453 2931 στρατιώτας
471 2861 632 2931 κατέστησε·
669 2861 717 2917 καλ
742 2859 774 2917 τὸ
794 2861 847 2932 μὲν
869 2856 1008 2931 ἀργύριον
1030 2856 1131 2927 αὐτοῖς

114 2926 231 3001 αὐτίκα,
260 2927 313 3001 τὴν
336 2932 368 2988 tl
387 2928 483 3004 χώραν
506 2929 540 2989 οὔ
565 2933 656 3007 πολλῷ
674 2927 795 3003 ὕστερον
819 2931 916 2988 ἔδωκε.
954 2927 1055 2999 ἐπειδὴ
1075 2928 1130 3003 γὰρ

115 2997 168 3058 οὐκ
188 2998 340 3072 ἐξήρκεσεν
357 2998 376 3074 ἡ
397 3000 428 3059 ἐν
445 3004 484 3059 τῶ
504 3005 628 3076 δημοσίῳ
648 3002 688 3059 ἔτι
708 2999 771 3058 τότε
795 2995 882 3073 οὖσα,
906 3003 1131 3074 τοοοεξεττοίατο

114 3068 202 3143 ἄλλην
220 3075 314 3131 τεκαὶ
331 3072 410 3146 παρὰ
428 3076 484 3130 τῶν
497 3075 663 3146 Καμπανῶν
681 3075 738 3129 τῶν
753 3070 785 3129 ἐν
799 3074 833 3146 τῇ
847 3069 954 3145 Καπύῃ
971 3068 1131 3133 αἰνούντων

115 3141 228 3215 συχνήν·
266 3146 316 3202 καὶ
339 3143 393 3216 γὰρ
416 3142 538 3202 ἐποίκων
561 3141 579 3214 ἡ
603 3141 683 3207 πόλις
705 3145 814 3200 πολλῶν
838 3141 930 3200 ἐδεῖτο
947 3149 996 3199 etc.
1033 3144 1132 3201 Ham

114 3219 261 3286 supplevit:
289 3218 415 3274 concessi
437 3218 514 3272 enim
534 3216 675 3271 veteranis
698 3217 772 3287 agri,
797 3216 846 3285 qui
869 3215 977 3271 civibus
999 3214 1132 3273 coloniae

115 3286 174 3341 eius
192 3287 285 3343 relicti
303 3305 327 3343 e.
345 3287 464 3369 publici3
478 3288 542 3355 ipse
558 3287 665 3341 malim:
683 3287 824 3342 veteranis
842 3287 873 3341 in
890 3303 974 3357 agros
992 3285 1131 3355 deductis,

115 3356 163 3422 qui
181 3359 308 3414 coloniae
327 3374 386 3412 eius
404 3376 425 3413 r.
446 3373 469 3411 e.
488 3356 603 3427 publici.
713 3365 747 3413 22
766 3357 904 3428 permissa
922 3357 1059 3413 Heinsius
1097 3406 1104 3419 .

115 3431 148 3480 23
167 3427 381 3482 instrumentum
401 3428 531 3484 Clodius:
549 3428 639 3482 instar
656 3427 707 3481 ΑΡ
