2422 3848
535 157 557 194 c.
577 146 663 194 4-6.
786 211 793 225 .
1065 137 1109 201 23

95 307 223 368 decessit
246 325 322 367 anno
345 307 439 366 ferme
464 313 547 366 sexto
576 313 606 366 ct
634 307 892 385 quinquagesimo:
930 305 966 365 de
994 323 1053 383 quo
1083 306 1140 365 sia

95 399 162 475 quis
189 395 330 476 ambiget,
364 402 499 455 recurrat
526 394 562 454 ad
589 396 721 474 priorem
749 393 936 454 consulatum
968 391 1046 473 eins,
1077 395 1110 452 iu

95 503 183 563 quem
207 491 324 544 creatus
348 491 394 544 est
418 501 494 543 anno
518 490 621 544 octavo
650 490 680 543 et
702 484 867 543 tricesimo:
904 483 945 541 ita
973 481 1109 542 dubitare

95 572 220 647 desinet.

68 674 80 713 ⁵
184 657 213 721 5.
249 660 325 721 Ante
353 669 471 740 tompus
495 662 610 720 excisae
633 659 807 720 Numantiae
831 658 981 737 praeclara
1005 658 1140 717 inHi-1

95 752 198 828 spania
225 749 329 809 militia
356 748 389 808 D.
417 747 503 809 Bruti
530 749 599 829 luit,
627 750 679 826 qui
707 750 871 827 penetratis
895 746 1032 806 omnibus
1059 746 1109 805 Hi·

95 841 213 917 spaniae
242 836 380 916 gentibus
407 838 522 915 ingenti
549 838 578 895 vi
604 835 758 896 hominum
785 835 964 914 urbiumque
996 837 1110 914 potitus

95 944 233 1006 numero,
264 925 351 985 aditis
379 942 454 1002 quae
478 926 525 983 vix
549 924 647 984 audita
671 931 768 1004 erant,
796 923 923 984 Gallaeci
946 941 1110 1003 cognomen

95 1015 213 1074 meruit.
269 1020 300 1073 et
327 1020 394 1073 ante
424 1030 492 1072 erim
523 1013 627 1090 paucis
657 1014 741 1071 annis
773 1019 832 1071 tam
866 1031 1002 1072 severum
1031 1012 1141 1072 illiuss

55 1115 82 1153 10
97 1101 130 1172 Q.
158 1100 340 1161 Macedonici
368 1103 399 1159 in
426 1100 472 1160 his
502 1099 640 1179 gentibus
672 1102 831 1178 imperium
863 1100 932 1180 suit,
963 1108 1010 1177 ut,
1042 1119 1111 1160 cum

96 1188 201 1249 urbem
219 1188 408 1249 Contrebiam
431 1191 550 1247 nomine
573 1191 605 1248 in
627 1187 767 1267 Hispania
791 1195 987 1269 oppugnaret,
1010 1188 1111 1267 pulsas

94 1280 250 1357 praecipiti
273 1277 338 1337 loco
354 1279 485 1355 quinque
500 1276 639 1337 cohortes
655 1276 831 1355 legionarias
847 1277 951 1336 eodem
973 1279 1111 1355 protinus

95 1366 196 1427 subire
220 1365 350 1426 iuberet:
384 1364 620 1443 iacientibusque
636 1364 773 1425 omnibus
787 1367 819 1425 in
841 1367 999 1443 procinctu
1022 1372 1141 1425 testa-3

95 1462 207 1534 menta,
235 1455 316 1515 velut
344 1454 379 1513 ad
408 1461 521 1514 certam
549 1461 675 1513 mortem
698 1453 830 1514 eundum
853 1454 944 1534 foret,
972 1471 1031 1513 non
1061 1453 1110 1512 de-

56 1555 82 1594 15
96 1545 220 1603 territus
242 1544 396 1621 proposito
421 1540 655 1620 [perseverantia
678 1541 791 1622 ducis],
819 1560 908 1620 quem
931 1543 1112 1602 moriturum

96 1632 217 1691 miserat
248 1631 372 1691 militem
400 1632 544 1690 victorem
572 1632 698 1708 recepit:
730 1637 845 1690 tantum
874 1631 972 1689 effecit
1001 1632 1111 1689 mixtus

95 1721 196 1779 timori
223 1719 320 1797 pudor
348 1736 476 1798 spesque
505 1719 710 1797 desperatione
740 1719 880 1796 quaesita.
925 1717 974 1777 hic
1001 1719 1111 1777 virtute

96 1825 129 1866 ac
157 1809 314 1867 severitate
345 1808 428 1887 lacti,
462 1815 491 1867 at
518 1805 626 1866 Fabius
655 1805 833 1866 Aemilianus
861 1805 945 1865 Pauli
977 1805 1111 1883 exemplo

96 1894 251 1973 disciplina
273 1897 304 1954 in
327 1894 468 1973 Hispania
491 1896 548 1955 fnit
571 1894 760 1954 clarissimus.

52 1997 81 2035 20
186 1979 215 2042 6.
247 1981 356 2041 Decem
371 1982 477 2042 deinde
492 1984 676 2061 interpositis
691 1985 788 2062 annis,
813 1984 863 2061 qui
877 1981 921 2042 Ti.
936 1980 1112 2063 Gracchum,
1128 1994 1141 2040 1

95 2070 176 2130 idem
199 2068 303 2129 Gaium
333 2070 455 2129 fratrem
479 2073 543 2130 eius
566 2072 720 2149 occupavit
743 2071 840 2150 furor,
868 2078 929 2130 tam
951 2069 1112 2135 virtutibus

96 2161 161 2219 eius
189 2157 327 2218 omnibus
355 2176 443 2237 qnam
470 2157 540 2218 huic
570 2160 666 2217 errori
699 2158 839 2237 similem,
871 2161 990 2236 ingenio
1024 2161 1113 2218 etiam

96 2247 324 2325 eloquentiaque
365 2246 452 2325 longe
488 2248 744 2325 praestantiorem.
805 2248 856 2324 qui
893 2265 961 2306 cum
998 2257 1142 2305 summas

96 2337 196 2414 quiete
220 2337 309 2395 animi
337 2336 463 2394 civitatis
491 2336 631 2413 princeps
659 2353 725 2394 esse
752 2341 868 2413 posset,
894 2332 940 2392 vel
963 2333 1112 2393 vindican-

53 2435 82 2476 25
97 2425 150 2484 dae
174 2424 322 2483 fraternae
346 2425 450 2483 mortis
474 2424 567 2501 gratia
590 2422 636 2482 vel
658 2421 908 2502 praemuniendae
932 2422 1038 2500 regalis
1059 2440 1112 2500 po-

96 2513 206 2571 tentiae
231 2512 365 2572 eiusdem
388 2510 514 2590 exempli
537 2510 722 2572 tribunatum
744 2513 911 2592 ingressus,
942 2510 1028 2589 longe
1052 2528 1112 2569 ma-

95 2598 159 2659 iora
187 2608 217 2659 et
249 2602 363 2660 acriora
393 2607 500 2678 petens
532 2599 620 2660 dabat
648 2601 796 2660 civitatem
829 2598 967 2659 omnibus
995 2598 1112 2680 italicis,

97 2687 273 2748 extendebat
297 2706 361 2748 eam
384 2706 478 2767 paene
501 2705 597 2766 nsque
621 2687 716 2769 Alpis,
740 2687 888 2748 dividebat
910 2706 1009 2767 agros,
1033 2694 1143 2747 veta-3

96 2775 147 2835 bat
180 2794 357 2854 quemquam
389 2779 484 2837 civem
515 2775 582 2855 plns
615 2779 784 2855 qulngentis
811 2775 966 2855 iugeribus
993 2775 1112 2854 habere,

88 3045 92 3050 Α
169 2986 292 3034 3annos
311 2980 351 3045 A,
375 2996 462 3034 annos
480 2981 563 3034 natus
589 2980 674 3035 Orelli
689 2983 693 3049 Ι
709 2999 816 3035 xxxvm
835 2981 893 3034 Pu
882 2986 991 3034 cauus
1019 2999 1112 3033 xxxv1.

97 3050 156 3103 AP
226 3050 295 3105 cI)
310 3021 414 3104 Aldus:
432 3052 465 3106 A
480 3051 538 3104 AP
609 3051 890 3132 iui]1b1Kreyssc9
961 3055 1112 3104 8numero

97 3126 250 3188 suspectum
267 3121 365 3190 Izipsio
381 3121 386 3190 Ι
403 3120 512 3175 Galleci
530 3122 588 3174 AP
673 3121 732 3175 10
724 3139 754 3174 m
771 3120 815 3174 his
834 3137 885 3175 osu.
903 3121 931 3174 A
1019 3126 1050 3173 11
1072 3120 1114 3190 [in

97 3191 244 3262 Hispania]
264 3191 399 3246 Heinsius
471 3197 504 3246 15
524 3209 564 3247 oo.
580 3209 651 3262 pers.
672 3192 750 3245 ducis
768 3207 802 3245 eu
819 3196 885 3245 uota
900 3191 1076 3260 murpiuaii
1064 3207 1114 3244 im-

93 3266 210 3330 portata
231 3277 284 3316 esse
305 3263 377 3317 uidit
399 3263 535 3317 Davisius
625 3269 658 3315 17
682 3262 783 3331 pudori
804 3261 890 3315 timor
907 3262 947 3329 A,
971 3261 1113 3331 pudorii-

97 3331 170 3386 mori
190 3330 275 3385 Orelli
347 3339 380 3387 19
399 3333 565 3404 disciplinae
584 3333 648 3400 AP,
667 3348 715 3386 em
736 3332 879 3386 Puteanus
953 3332 1038 3387 1οΤ.
1057 3333 1116 3386 AP

152 3409 184 3456 11
206 3401 317 3472 Gaium]
338 3402 366 3456 Ο.
385 3404 444 3457 AP
514 3410 548 3458 17
566 3405 696 3474 repetens
714 3402 779 3472 AP,
798 3419 845 3458 em.
864 3401 975 3459 Eubuli.
