2422 3848
519 164 542 201 e.
562 152 684 201 ae-es.
727 210 728 214 Ἰ
1065 146 1109 208 43

98 316 148 391 qui
172 316 247 373 miro
271 331 361 392 opere
384 311 518 373 fabricati
542 315 573 373 in
597 313 727 374 diversas
751 332 889 392 agrorum
916 317 1010 393 partis
1032 316 1108 375 fere·

97 402 180 482 bant,
204 410 327 464 conatus
346 420 517 482 erumpere,
541 419 610 461 cum
628 401 771 462 foramine
796 422 811 463 e
831 411 912 464 terra
930 406 1109 484 emersisset,

97 491 287 570 adispositis
314 493 345 551 in
372 490 401 549 id
429 492 528 569 ipsum
555 492 753 569 interemptus
781 499 835 552 est.
881 504 951 552 sunt
974 494 1025 570 qui
1056 501 1139 552 suaa
1201 549 1207 558 ,

96 598 198 660 manu,
222 588 292 640 sunt
315 581 367 658 qui
390 586 620 640 concurrentem
643 582 755 640 mutuis
774 580 883 640 ictibus
902 598 970 640 cum
994 582 1109 641 minore

69 668 188 728 atraere
212 668 342 728 Telesini
366 686 424 728 una
447 667 569 727 obsesso
594 676 624 728 et
647 677 822 746 erumpente
842 668 1018 729 occubuisse
1041 687 1109 748 pro·

96 757 234 817 diderint.
268 763 431 834 utcumque
455 757 574 838 cecidit,
597 756 745 835 hodieque
768 765 848 818 tanta
866 759 960 836 patris
982 760 1109 836 imagine

96 863 155 904 non
179 844 356 905 obscuratur
380 846 444 927 eius
463 847 613 904 memoria.
646 843 682 904 de
706 863 766 924 que
784 848 891 907 iuvene
915 845 986 924 quid
1011 848 1110 906 existi-

95 936 220 993 maverit
244 932 337 1012 Sulla,
369 934 569 1011 inpromptu
597 940 655 1011 est3
688 936 786 994 occiso
815 936 895 994 enim
922 934 1042 995 demum
1075 953 1110 995 eo

96 1021 204 1081 Felicis
226 1038 335 1080 nomen
359 1020 535 1100 adsumpsit,
564 1019 643 1099 quod
671 1021 791 1099 quidem
814 1030 988 1101 usurpasset
1010 1025 1110 1083 iustis—

56 1123 82 1161 10
96 1112 184 1190 sime,
212 1112 237 1169 si
265 1108 393 1169 eundem
421 1116 451 1168 et
478 1108 616 1169 vincendi
638 1116 668 1169 et
691 1109 808 1170 vivendi
835 1111 924 1170 finem
949 1109 1110 1171 habuisset.

95 1200 308 1276 oppugnationi
331 1205 430 1258 antem
452 1197 622 1258 Praenestis
652 1216 685 1258 ac
709 1198 794 1258 Marii
823 1198 994 1277 praefuerat
1018 1198 1142 1274 Ofellae

94 1286 265 1366 Lucretiae,
289 1287 341 1364 qui
364 1304 432 1346 cum
451 1293 519 1345 ante
538 1286 735 1346 Marianarum
754 1287 861 1347 fuisset
878 1289 1007 1365 partium
1027 1305 1111 1365 prae·

94 1384 155 1455 tor,
178 1374 214 1435 ad
238 1374 350 1435 Sullam
373 1375 580 1452 transfugerat.
625 1374 796 1436 felicitatem
819 1374 891 1456 diei,
914 1394 973 1454 quo
998 1375 1111 1436 Samni·

96 1465 171 1523 tium
193 1463 383 1542 Telesinique
405 1463 510 1541 pulsus
534 1471 580 1522 est
603 1466 766 1544 exercitae,
797 1463 879 1524 Sulla
900 1472 1045 1543 perpetua
1067 1465 1111 1524 lu-

56 1564 82 1603 15
96 1553 202 1612 dorum
221 1553 401 1612 circensium
419 1551 574 1611 honoravit
592 1555 748 1632 memoria,
767 1554 819 1631 qui
837 1552 893 1613 sub
912 1555 977 1612 eius
992 1555 1110 1613 nomine

97 1640 262 1717 [Sullanae]
287 1639 432 1700 Victoriae
457 1639 654 1700 celebrantur.

184 1726 236 1790 28.
283 1727 374 1788 Paulo
405 1736 472 1788 ante
505 1746 593 1806 quam
622 1728 703 1789 Sulla
731 1730 767 1788 ad
796 1728 1142 1807 Sacriportum·dimi·1

96 1825 190 1898 caret,
213 1817 376 1895 magnificis
399 1816 521 1895 proeliis
544 1819 675 1894 partium
702 1819 766 1878 eius
790 1819 846 1877 viri
868 1816 999 1876 hostium
1028 1834 1111 1877 exer-

96 1908 189 1966 citum
212 1905 364 1984 fuderant,
387 1904 446 1965 duo
471 1904 588 1964 Servilii
611 1905 689 1985 apud
711 1905 857 1987 Clusium,
880 1905 1017 1973 Metellus
1040 1905 1111 1965 Pius

56 2007 82 2046 20
97 1994 174 2073 apud
202 1993 385 2072 Faventiam,
416 1993 454 2052 M.
477 1991 619 2054 Lucullus
647 1996 726 2055 circa
749 1994 921 2055 Fidentiam.
972 1992 1141 2066 videbun-2

96 2090 146 2142 tur
169 2083 251 2142 fmita
278 2080 348 2140 belli
371 2081 464 2141 civilis
487 2080 575 2161 mala,
604 2101 670 2142 cum
696 2083 793 2143 Sullae
822 2082 996 2143 crudelitate
1025 2091 1111 2143 aucta

96 2178 175 2231 sunt.
222 2172 329 2248 quippe
363 2170 489 2230 dictator
522 2177 640 2230 oreatus
673 2165 774 2253 (euius
805 2172 928 2231 honoris
957 2172 1111 2249 usurpatio

94 2277 150 2339 per
168 2276 262 2319 annos
281 2266 402 2319 centum
422 2265 452 2318 et
470 2259 574 2336 viginti
591 2260 773 2338 intermissa3
796 2276 865 2319 nam
877 2261 1030 2338 proximus
1044 2266 1113 2337 post

97 2366 208 2408 anmrm
236 2365 324 2425 quam
347 2346 492 2407 Hannibal
514 2346 597 2407 ltalia
621 2354 802 2428 excesserat,
830 2349 875 2407 uti
898 2346 1038 2425 adpareat
1059 2342 1111 2426 po-

60 2447 85 2486 25
99 2436 201 2515 pulum
224 2436 390 2496 Romanum
413 2453 502 2495 usum
524 2436 678 2497 dictatoris
702 2445 735 2497 ut
758 2438 788 2496 in
810 2444 894 2496 metu
918 2435 1112 2516 desiderasse,

170 2649 183 2697 1
203 2641 332 2695 ferebant
344 2641 486 2697 Burman:
505 2641 620 2696 fuerunt
632 2642 697 2710 ΑΡ,
715 2641 810 2696 ferunt
819 2642 949 2697 Gelenius
1007 2648 1023 2695 2
1038 2641 1111 2696 fora·

97 2712 174 2766 mirra
187 2713 214 2766 A
231 2714 235 2779 Ι
252 2728 267 2765 e
282 2713 321 2765 P:
341 2712 423 2780 ebA,
437 2713 501 2780 fort.
522 2729 556 2766 ex
606 2712 761 2768 bTelesini
773 2714 882 2768 Duker:
901 2713 1031 2767 Telesino
1046 2713 1111 2782 AP,

97 2800 161 2837 cum
174 2783 282 2837 minore
296 2782 426 2838 Telesino
440 2783 556 2851 Lipsius
571 2785 576 2851 1
592 2783 777 2853 prodiderunt
789 2785 817 2838 A
872 2791 887 2839 6
901 2785 990 2853 petris
1004 2785 1111 2853 magni·

96 2854 193 2908 tudine
211 2853 322 2907 Rulmle.
391 2853 485 2908 'feius
506 2854 544 2908 P:
564 2853 634 2908 ciuis
653 2855 718 2908 MA
786 2855 897 2923 equod
916 2855 955 2910 P:
975 2871 1030 2923 quo
1049 2855 1114 2909 MA

171 2930 202 2979 11
228 2924 445 2993 oppugnationis
468 2925 527 2978 AP
558 2926 562 2988 Ι
595 2925 744 2994 praefuere
763 2926 827 2980 MA
857 2927 861 2995 Ι
893 2925 997 2980 Affelia
1016 2926 1054 2980 M
1070 2927 1114 2994 (in

97 3012 184 3065 marp.
204 2995 318 3064 Ofella),
333 2995 430 3050 Asello
443 2995 502 3048 ΑΡ
554 3001 588 3049 12
602 2996 791 3051 Marianarum
807 2996 845 3050 P:
863 2996 1034 3052 murinarum
1050 2997 1113 3052 MA

101 3066 143 3138 lp.
162 3069 275 3136 praetor
290 3066 359 3120 AP:
377 3065 514 3136 partium,
532 3066 660 3136 proditor
678 3067 791 3122 Vossius
865 3072 897 3122 15
917 3069 966 3136 qui
984 3068 1035 3122 sub
1053 3069 1113 3122 eine

99 3137 176 3191 MA=
192 3138 292 3206 quibus
305 3137 365 3192 eius
380 3138 408 3191 P
421 3138 462 3205 (ie
474 3153 561 3206 marp.
577 3137 625 3192 ‘al
641 3138 689 3207 qui
703 3139 754 3193 sub
768 3137 852 3208 eius')
904 3145 937 3193 16
953 3138 1111 3210 [Sullanae]

98 3208 233 3263 Helvetiae
306 3215 339 3264 18
357 3210 421 3275 sort.
441 3205 578 3263 exereitus
651 3215 684 3263 19
704 3209 806 3264 Servili
824 3208 899 3278 apud
916 3208 1043 3264 Plusium
1056 3210 1115 3264 ΑΡ

102 3278 205 3361 lPius]
223 3279 288 3348 plne
305 3280 333 3332 A
414 3286 448 3333 20
466 3279 596 3334 Fidentia
613 3279 641 3333 A
727 3286 760 3334 21
781 3278 975 3334 crudelitatem
993 3281 1029 3349 A,
1047 3283 1130 3353 fort.⁴

99 3349 265 3405 erudelitate
284 3350 370 3404 etiam
408 3405 411 3412 ,
446 3356 481 3404 24
500 3352 669 3419 excesserat,
687 3350 754 3418 fuit,
773 3350 815 3405 nti
833 3349 951 3406 eleates
1028 3357 1062 3407 25
1080 3355 1115 3406 ut

98 3422 129 3476 in
148 3441 185 3477 m.
205 3421 231 3476 d.
254 3421 296 3476 ita
317 3420 348 3475 in
371 3422 428 3476 otio
451 3421 665 3493 enoseeaepe:
688 3423 741 3478 aul
764 3422 849 3476 metu
868 3420 1135 3474 assummum
