2422 3848
106 167 149 229 42
600 169 626 223 ΙΙ

107 353 164 413 que
188 336 262 394 iuris
285 343 438 396 auctorem
465 335 706 415 celeberrimum,
734 343 765 396 et
788 334 819 396 C.
842 334 1010 396 Carbonem
1037 354 1129 416 prae·

106 425 228 503 lorium,
261 425 392 484 consulis
425 425 560 505 fratrem,
593 433 622 485 ct
651 426 812 485 Antistium
840 424 1008 485 aedilicium
1043 425 1131 487 velut

75 513 231 572 alaventis
255 512 352 573 Sullae
379 512 514 592 partibus
540 516 570 574 in
595 514 678 573 curia
700 512 824 574 Hostilia
847 513 1014 574 trucidavit
1064 532 1130 577 non

105 601 210 679 perdat
242 602 418 662 nobilissimi
449 601 519 662 facti
550 601 673 680 gloriani
702 601 872 683 Calpurnia,
904 601 1024 663 Bestiae
1057 602 1131 685 lilia,

105 708 180 749 uxor
204 690 336 770 Antistii,
364 707 438 767 quae
461 690 607 770 iugrdato,
636 698 670 751 ut
691 691 906 771 praediximus,
932 693 996 751 viro
1025 690 1154 770 gladio⁵

106 797 137 838 se
165 781 230 857 ipsa
257 778 411 838 transfixit.
457 787 601 855 quantum
629 779 719 839 buius
750 779 860 859 gloriae
892 779 1049 859 famaeque
1078 799 1129 841 ac·

106 865 208 926 cessit!
229 884 308 926 nunc
331 868 440 926 virtute
464 868 590 929 feminae
614 870 735 947 propria
757 876 846 947 patet.

77 961 91 1008 1
195 951 247 1014 27.
283 955 321 1016 At
343 955 468 1016 Pontius
482 955 651 1037 Telesinus,
675 958 735 1018 dux
759 956 949 1036 Samnitium,
971 957 1019 1016 vir
1042 956 1130 1019 domi

105 1043 235 1121 bellique
263 1042 443 1105 fortissimus
469 1048 649 1124 penitusque
672 1045 805 1105 Romano
829 1047 942 1106 nomini
964 1044 1129 1125 infestissi-

107 1151 187 1215 mus,
221 1134 381 1193 contractis
414 1135 533 1194 circiter
566 1134 759 1212 quadraginta
791 1134 909 1194 milibus
941 1132 1163 1197 fortissimam·

105 1223 417 1300 pertinacissimaeque
441 1224 472 1281 in
495 1223 659 1283 retinendis
673 1225 763 1282 armis
786 1224 962 1303 iuventutis,
985 1220 1128 1286 Carbone

106 1329 140 1369 ac
163 1310 256 1369 Mario
285 1309 457 1371 consulibus
485 1310 591 1371 abhinc
615 1330 708 1372 annos
732 1320 853 1372 centum
876 1320 907 1372 et
929 1329 1039 1372 novem
1062 1310 1128 1375 Kal.

105 1397 322 1458 Novembribus
345 1401 386 1459 ita
409 1398 444 1457 ad
467 1408 583 1478 portam
607 1399 750 1461 Collinam
773 1419 842 1461 cum
859 1399 940 1460 Sulla
963 1399 1129 1483 dimicarit,

106 1486 198 1546 ulad
222 1504 372 1548 summum
399 1487 558 1548 discrimen
582 1498 611 1548 el
635 1508 703 1550 eum
727 1496 757 1548 et
783 1507 849 1550 rem
874 1487 1024 1567 publicam
1056 1509 1128 1570 per-

75 1576 243 1657 adocei-et,
267 1595 342 1655 quae
366 1595 425 1636 non
449 1579 543 1637 maius
565 1578 733 1655 pericrdum
756 1577 827 1638 adiit
848 1576 1020 1638 Hannibalis
1044 1580 1162 1641 intr-aq

107 1666 229 1725 tertium
257 1665 416 1726 miliarium
444 1674 541 1726 castra
569 1668 751 1744 conspicata,
784 1685 872 1745 quam
900 1684 935 1726 eo
968 1665 1030 1747 die,
1065 1686 1128 1747 quo

108 1755 323 1815 circumvolans
346 1755 466 1815 ordines
494 1757 643 1815 exercitus
667 1757 714 1815 sui
737 1754 894 1815 Telesinus
922 1754 1127 1835 dictitausque

107 1844 210 1903 adesse
242 1844 382 1904 Romanis
417 1843 554 1904 ultimum
590 1842 669 1904 diem
705 1843 922 1904 vociferabatur
959 1845 1128 1907 eruendam

107 1931 320 2009 delendamque
344 1932 463 2011 urbem,
493 1931 634 1991 adiiciens
658 1950 820 2010 numquam
843 1932 999 1993 defuturos
1022 1943 1127 2014 rapto·

109 2037 158 2077 res
180 2018 298 2079 Italicae
322 2018 467 2080 libertatis
490 2019 589 2100 lupos,
609 2022 675 2081 ,nisi
698 2019 782 2099 silva,
810 2023 840 2080 in
867 2039 956 2099 quam
983 2021 1163 2102 refugere!

78 2106 253 2187 3solerent,
276 2115 355 2168 esset
379 2110 484 2167 excisa.
521 2115 588 2187 post
610 2110 736 2188 primam
759 2109 878 2169 demum
900 2108 1004 2169 horam
1026 2114 1129 2175 noctis

108 2202 138 2253 et
161 2194 292 2255 Romana
319 2199 398 2256 acies
425 2199 583 2275 respiravit
610 2205 640 2258 et
667 2197 797 2258 bostium
821 2199 919 2258 cessit.
965 2198 1128 2263 Telesinus

107 2291 226 2362 postera
249 2285 296 2345 die
320 2288 500 2346 semianimis
523 2293 661 2363 repertus
685 2293 744 2365 est,
772 2288 893 2346 victoris
917 2289 1009 2364 magis
1033 2306 1127 2366 quam

107 2375 260 2434 morientis
284 2374 398 2436 vultum
425 2375 611 2454 praeferens,
642 2375 728 2434 cuius
757 2374 905 2435 abscisum
929 2383 1018 2453 caput
1041 2377 1127 2438 ferro

75 2462 156 2539 afigi
183 2465 351 2540 gestarique
382 2465 464 2522 circa
484 2462 644 2522 Praeneste
669 2461 750 2522 Sulla
773 2464 868 2522 iussit.
914 2470 978 2523 tum
1002 2464 1126 2527 demum
1139 2470 1162 2515 ὕ

107 2548 271 2626 desperatis
294 2549 385 2610 rebus
409 2553 471 2610 suis
495 2544 529 2610 O.
548 2549 658 2610 Marius
683 2551 856 2611 adulescens
879 2569 933 2629 per
957 2553 1126 2636 cuniculos,

178 2815 194 2862 6
212 2808 275 2878 ipse
292 2810 320 2862 A
338 2814 364 2863 et
378 2809 502 2864 Vossius:
520 2810 612 2880 ipsam
632 2810 660 2863 P
760 2817 775 2865 'l
794 2810 898 2864 virtute
917 2809 1039 2865 feminae
1057 2829 1125 2881 pro-

105 2880 167 2949 pria
184 2882 265 2949 petet
280 2880 391 2950 Haupt:
411 2881 514 2936 virtulo
533 2881 638 2936 eminet
655 2880 748 2950 patrie
765 2880 837 2934 latet
850 2882 922 2946 AP;
940 2882 1062 2936 oliorum
1081 2898 1125 2938 co-·

105 2957 189 3005 nctus
206 2967 231 3006 o.
250 2953 328 3020 apud
344 2953 488 3007 Kritztom
558 2957 575 3005 8
594 2952 671 3006 domi
688 2950 852 3006 Rhenanus:
874 2953 961 3006 animi
978 2952 1051 3017 AP;
1071 2955 1126 3008 alii

106 3024 164 3076 alia
182 3028 336 3091 tentarunt,
360 3024 394 3090 cf.
413 3024 504 3079 Kritz.
601 3028 702 3082 1011]
720 3021 788 3075 AP:
813 3028 858 3082 Ῑιξ
880 3023 1008 3092 Iapetus,
1030 3029 1125 3085 ᾖ

108 3093 220 3149 Orosius
236 3094 240 3166 l
255 3094 445 3150 ferocissimae
463 3094 574 3149 Bubul.
664 3097 696 3145 12
715 3112 760 3146 crx
778 3093 874 3148 Kritz:
891 3114 921 3148 x1
941 3095 1013 3161 MA,
1031 3114 1067 3149 ιι.
1088 3096 1134 3167 Ρ,-

105 3184 149 3218 cx1
167 3165 258 3220 Aldus
274 3166 278 3238 l
299 3169 364 3220 aule
387 3165 462 3220 diem
480 3185 509 3220 vr
527 3163 590 3217 Kal.
609 3162 679 3218 Nor.
701 3163 869 3233 Mommsen,
889 3164 1074 3234 Sitzunqeber.
1094 3167 1124 3222 d.

105 3237 190 3291 selcha.
209 3236 270 3291 Ges.
288 3236 336 3304 VI,
357 3241 407 3291 156
480 3242 514 3290 16
533 3251 567 3288 eo
582 3234 631 3288 M:
650 3233 749 3288 eodem
764 3235 822 3288 ΑΡ
892 3241 925 3289 21
945 3236 1038 3290 solent
1054 3236 1123 3307 ΑΡ,

105 3323 153 3360 em.
175 3307 282 3373 Burer;
305 3309 340 3375 cf.
364 3309 402 3361 ad
426 3311 470 3373 59,
488 3311 504 3359 5
613 3310 648 3359 24
666 3305 773 3359 cultum
791 3305 868 3377 ΑΡΙ
891 3306 1032 3361 abscisum
1049 3306 1079 3360 A
1097 3312 1125 3363 ά

105 3376 215 3432 Rubnlc.
239 3378 394 3432 abscissum
417 3376 468 3447 ΡΙ
492 3375 567 3430 ferro
589 3375 640 3445 figi
658 3376 790 3445 Medoiqt
817 3376 885 3430 ferri
902 3377 967 3444 ΑΡ,
991 3376 1063 3447 erigi
1085 3378 1124 3433 B.

105 3446 267 3502 Helnuauer
285 3447 363 3516 (ferri
381 3447 557 3516 spectarique
575 3447 715 3516 Burman)
