2422 3848
148 195 190 257 46
644 194 671 247 Π

116 371 250 422 avectus
274 371 328 422 est.
367 379 456 440 quem
479 363 576 420 virum
599 362 666 438 quis
689 378 749 419 non
773 363 898 421 miretur
920 379 975 440 per
996 368 1044 422 tot
1067 368 1169 423 extra·

148 451 295 510 ordinaria
322 452 445 529 imperia
472 451 503 509 in
536 466 686 508 summum
717 450 868 529 fastigium
894 457 1030 510 evectum
1058 452 1171 529 iniquo

146 539 250 599 tulisse
283 542 394 620 animo,
427 536 458 598 G.
487 536 620 597 Caesaris
651 539 783 598 absentis
803 541 842 598 in
879 537 972 598 altero
1004 538 1170 601 consulatu

145 627 274 707 petendo
298 635 434 688 senatum
455 625 658 705 populumque
678 625 846 687 Romanum
868 628 1015 687 rationem
1036 626 1169 689 babere:

146 716 218 776 adeo
241 716 385 777 familiare
413 723 460 775 est
481 713 651 774 hominibus
679 718 777 775 omnia
804 715 861 777 sibi
888 719 1057 801 ignoscere,
1090 716 1193 777 nibus

146 805 209 864 aliis
233 807 399 884 remittere,
423 811 453 863 et
471 803 608 863 invidiam
627 822 731 864 rerum
753 823 813 864 non
836 805 872 866 ad
892 822 1024 885 causam,
1047 804 1105 865 sed
1129 804 1169 866 ad

113 893 327 954 uvoluntatem
348 910 550 971 personasque
574 891 711 971 dirigere.
744 893 801 953 hoc
825 893 981 954 consulatu
999 892 1168 972 Pompeius

144 980 334 1042 tribuniciam
369 988 546 1060 potestatem
578 983 724 1062 restituit,
761 985 847 1042 cuius
884 981 965 1042 Sulla
1000 984 1168 1060 imaginem

111 1072 208 1130 tsine
231 1089 264 1130 re
288 1070 458 1149 reliquerat.
504 1070 575 1130 dum
596 1070 802 1131 Sertorianum
825 1070 936 1133 bellum
965 1073 996 1130 in
1017 1069 1166 1150 Hispania

143 1161 271 1239 geritur,
299 1166 439 1236 quattuor
466 1166 497 1219 et
525 1161 676 1236 sexaginta
703 1159 818 1238 fugitivi
846 1178 862 1219 e
891 1159 962 1220 ludo
985 1159 1166 1237 gladiatorio
1178 1170 1200 1211 ¹·

143 1245 242 1325 Capua
264 1247 469 1324 profugientes
493 1246 568 1306 duee
592 1246 747 1328 Spartaco,
771 1251 863 1328 raptis
887 1267 923 1308 ex
947 1266 982 1307 ea
1000 1246 1077 1307 urbe
1103 1247 1164 1328 gla-

143 1334 213 1414 diis,
243 1337 340 1412 primo
363 1334 523 1394 Vesuvium
546 1343 678 1394 montem
700 1338 829 1417 petiere,
857 1355 925 1396 mox
948 1345 1108 1397 crescente
1131 1339 1164 1397 in

142 1422 206 1481 dies
226 1422 415 1483 mrdtitudine
434 1423 572 1500 gravibus
590 1426 738 1502 variisque
753 1424 871 1485 casibus
885 1425 1021 1485 adfecere
1035 1424 1163 1487 ltaliam.

112 1524 271 1588 equorum
294 1528 437 1571 numerus
461 1514 491 1571 in
512 1518 628 1572 tantum
647 1513 788 1594 adolevit,
811 1522 845 1574 ut
864 1531 922 1593 qua
945 1513 1048 1573 ultima
1071 1512 1162 1575 dimi·

142 1617 246 1659 cavere
265 1601 340 1680 acie,
364 1602 523 1678 nonaginta
541 1601 621 1660 milia
639 1601 794 1661 bominum
813 1621 844 1662 se
858 1602 991 1661 Romano
1011 1605 1197 1665 exercituin

141 1691 343 1767 opposuerint.
390 1688 479 1749 buius
501 1691 608 1766 patrati
631 1689 725 1766 gloria
747 1708 840 1769 penes
866 1690 902 1749 M.
928 1688 1068 1751 Crassum
1092 1692 1162 1774 fuit,

141 1795 209 1836 mox
233 1780 276 1836 rei
299 1776 434 1856 publicae
460 1775 620 1853 [omnium]
644 1780 819 1856 principem.

112 1878 125 1922 1
230 1863 282 1926 31.
329 1864 523 1925 Converterat
550 1864 601 1925 Cn.
629 1864 752 1944 Pompei
781 1885 909 1945 persona
940 1874 1036 1927 totum
1063 1869 1098 1927 in
1127 1886 1161 1929 se

140 1962 289 2013 terrarum
316 1954 419 2013 orbem
447 1961 481 2013 et·
499 1972 554 2032 per
577 1957 675 2013 omnia
697 1957 791 2014 maior
814 1958 871 2016 civi
893 1955 1066 2016 habebatur.
1107 1959 1161 2035 qui

141 2059 209 2100 cum
239 2041 343 2100 consul
372 2060 516 2120 perquam
545 2042 731 2103 laudabiliter
759 2046 888 2105 iurasset
920 2062 952 2104 se
984 2046 1015 2103 in
1044 2044 1196 2107 nullane

110 2132 322 2208 eprovinciam
345 2149 381 2190 ex
404 2150 439 2190 eo
463 2133 636 2209 magistratu
658 2134 772 2192 iturum
791 2133 880 2210 idque
904 2139 1064 2214 servasset,
1088 2141 1162 2212 post

140 2218 292 2279 biennium
320 2220 352 2279 Α.
376 2219 518 2280 Gabinius
534 2219 681 2280 'tribunus
704 2220 800 2299 legem
827 2222 908 2301 tulit,
937 2229 970 2282 ut
993 2238 1062 2281 oum
1086 2220 1160 2282 belli

138 2325 235 2389 more,
253 2326 313 2368 non
329 2307 567 2388 latrociniorum,
591 2307 694 2368 orbem
709 2309 853 2370 classibus
867 2313 938 2391 iam,
962 2327 1022 2368 non
1036 2309 1161 2372 furtivis

139 2396 375 2474 expeditionibus
402 2401 515 2477 piratae
544 2404 695 2456 terrerent
717 2398 918 2476 quasdamque
942 2400 1030 2459 etiam
1053 2397 1162 2466 ltaliae,

138 2484 229 2544 urbes
244 2484 448 2565 diripuissent,
473 2484 523 2545 Cn.
539 2485 698 2563 Pompeius
713 2488 749 2546 ad
763 2505 815 2546 eos
830 2486 1041 2566 opprimendos
1054 2489 1157 2548 mitts·
1171 2494 1195 2537 ¹⁵

138 2580 223 2630 retur
246 2579 384 2649 essetque
408 2576 435 2632 ei
456 2575 615 2652 imperium
634 2591 762 2653 aequum
784 2577 816 2634 in
835 2574 973 2635 omnibus
991 2576 1158 2652 provinciis

138 2677 206 2719 cum
235 2659 464 2737 proconsulibus
493 2680 588 2740 usque
617 2663 652 2722 ad
685 2667 963 2741 quinquagesimum
994 2662 1158 2725 miliarium

208 2887 221 2934 1
243 2881 304 2950 quis
322 2884 482 2937 nominetur
499 2886 527 2937 A
552 2876 561 2891 '
615 2893 631 2939 2
650 2888 762 2940 uectum
780 2886 849 2955 AP,
868 2905 916 2942 ene.
935 2887 1071 2941 Heinsius

136 2959 152 3005 3
171 2952 264 3006 animo
285 2953 323 3007 P:
342 2953 438 3022 iniquo
458 2956 485 3009 A
502 2958 505 3023 Ι
522 2957 645 3010 absentis
664 2958 728 3010 odd.
747 2957 860 3011 Kruuse
945 2964 961 3011 8
979 2960 1156 3027 potestatem

136 3022 276 3079 Gelenius:
295 3024 326 3078 P.
345 3026 403 3078 ΑΡ
465 3033 481 3080 9
501 3027 560 3080 sine
578 3043 608 3080 re
626 3028 710 3081 idem:
729 3027 759 3080 in
776 3028 836 3082 iure
854 3029 913 3081 AP
970 3035 1004 3081 10
1022 3029 1156 3085 LXXIIIl

134 3094 250 3162 lansius
336 3102 368 3150 12
388 3097 418 3149 in
436 3097 496 3150 dies
516 3099 657 3150 crescente
675 3099 703 3150 A
789 3107 823 3152 14
843 3117 897 3168 quo
916 3100 1017 3153 ultima.
1035 3102 1076 3168 A,
1097 3119 1157 3170 qus

134 3183 233 3238 ultimo
255 3184 283 3236 P
373 3191 404 3238 15
424 3184 471 3238 XO
490 3186 570 3241 milia
593 3186 717 3241 Vossius:
741 3187 789 3241 XL
807 3206 825 3243 n
844 3187 908 3242 CCC
927 3188 996 3253 AP,
1021 3186 1097 3242 CXX
1115 3208 1153 3246 m.

134 3255 186 3306 alii
203 3257 351 3310 secundent
364 3257 528 3325 Appianum
544 3261 548 3326 Ι
565 3257 688 3311 exercitu
702 3259 730 3311 A
784 3266 817 3313 17
833 3259 957 3313 omnium
974 3260 1008 3326 P,
1027 3261 1106 3314 omni
1115 3262 1154 3328 A,

136 3325 185 3378 del.
209 3326 337 3393 lipsius,
367 3343 417 3396 per
440 3329 534 3382 omnia
556 3328 703 3398 Kreyssip‚
732 3347 798 3384 mox
819 3330 869 3383 Ro.
894 3329 1014 3383 nominis
1037 3330 1152 3387 Rubnfs.

133 3395 196 3460 fort.
215 3396 328 3451 nomine
347 3398 381 3464 ef.
400 3404 478 3466 44,2
535 3405 567 3452 19
586 3399 677 3453 maior
696 3400 751 3454 civi
763 3401 909 3455 Heinsius:
928 3402 1034 3456 maiore
1049 3400 1079 3455 vi
1094 3403 1156 3457 AP

203 3472 239 3519 24
258 3467 343 3520 etiem
363 3484 412 3521 ons.
431 3470 459 3521 A
532 3476 566 3525 26
586 3487 686 3525 esuum
705 3473 735 3540 (s.
756 3473 772 3525 l.
792 3476 905 3541 equum)
924 3473 951 3525 A
