2422 3848
109 170 150 234 58
601 167 627 220 ΙΙ

110 354 236 414 rumque
269 354 305 397 er
339 335 500 414 longinquo
537 334 672 394 ordinem
709 339 914 392 antemnarum
949 330 1131 410 praebuisse

78 427 276 503 eimaginem.
308 424 420 502 reliqua
440 426 505 484 eius
524 431 588 483 acta
606 425 637 482 in
654 420 742 501 urbe,
766 419 948 481 nobilissima
971 418 1131 481 (11111111-

110 513 203 573 bellae
227 514 375 574 accusatio
398 520 429 572 et
451 513 545 573 maior
568 512 694 571 civitatis
716 512 748 569 iu
771 527 807 569 ea
829 508 924 589 favor,
951 526 1043 587 quam
1067 510 1133 571 reia

109 604 254 680 praestari
277 601 366 681 solet,
392 601 658 678 contentionesque
682 597 782 658 civiles
804 616 873 658 cum
896 597 930 669 Ο.
954 596 1061 659 Catulo
1087 605 1133 661 et·

110 709 167 768 que
191 690 256 749 aliis
279 690 522 750 eminentissimis
544 689 616 748 viris
639 686 863 766 celeberrimae,
891 694 922 746 et
948 694 1017 747 ante
1040 699 1157 766 prae-⁵

110 786 208 839 turam
230 780 327 838 victus
351 781 382 837 in
407 778 526 837 maximi
552 777 742 855 pontificatus
768 777 912 854 petitione
936 774 970 846 Ο.
994 774 1135 859 mulus,

79 869 243 927 tomuium
262 865 448 926 confessione
468 874 588 927 senatus
606 867 761 944 princeps,
779 872 809 925 et
827 866 965 925 restituta
978 865 1011 925 iu
1026 864 1134 926 aedili·

110 963 169 1016 tate
204 955 377 1015 adversante
409 955 530 1033 quidem
562 954 715 1015 nobilitate
747 961 938 1013 monumenta
970 950 1002 1012 C.
1032 952 1135 1036 Marii,

111 1043 258 1122 simulque
285 1046 416 1104 revocati
443 1043 479 1103 ad
507 1045 554 1103 ius
583 1043 733 1122 dignitatis
760 1042 997 1121 proscriptorum
1030 1040 1135 1123 liberi,

111 1141 141 1192 ot
163 1140 303 1211 praetura
326 1140 544 1210 quaesturaque
568 1131 696 1192 mirabili
722 1133 831 1191 virtute
861 1138 950 1208 atque
978 1130 1169 1193 industriae

111 1220 190 1281 obita
213 1223 244 1280 in
267 1220 421 1301 Hispania,
449 1213 533 1302 (cum
560 1227 641 1280 esset
668 1227 808 1298 quaestor
834 1218 889 1279 sub
913 1217 1021 1279 Vetere
1044 1218 1133 1281 Anti·

111 1312 182 1388 stio,
205 1327 258 1369 avo
277 1308 366 1369 huius
385 1308 500 1368 Veteris
519 1307 683 1368 consularis
702 1317 790 1386 atque
812 1307 973 1386 pontificis,
997 1306 1135 1371 duorum

111 1396 312 1456 consularium
336 1405 365 1457 ot
389 1395 575 1457 sacerdotum
594 1399 702 1477 patris,
724 1398 780 1456 viri
802 1398 834 1456 in
853 1404 969 1461 tautum
986 1394 1076 1477 boni,
1101 1398 1135 1458 in

112 1491 255 1562 quantum
277 1484 406 1545 humana
429 1485 601 1564 simplicitas
624 1485 756 1564 intellegi
778 1478 892 1567 potest)
922 1502 981 1563 quo
1009 1487 1135 1547 notiora
1160 1554 1164 1561 ,

111 1581 194 1652 sum,
218 1575 316 1633 minus
340 1582 428 1653 egent
452 1573 528 1634 stilo.
1147 1582 1169 1625 1⁵

82 1672 95 1720 1
199 1659 251 1722 44.
291 1661 355 1722 lloc
378 1664 469 1742 igitur
492 1663 613 1723 consule
637 1665 715 1723 inter
739 1680 807 1722 eum
831 1670 861 1722 et
879 1661 932 1722 Cn.
950 1661 1135 1741 Pompeium

112 1759 142 1810 et
164 1748 200 1811 M.
218 1749 358 1812 Crassum
381 1754 452 1812 inita
476 1754 628 1830 potentiae
650 1753 791 1830 societas,
814 1768 889 1829 quae
908 1749 977 1811 urbi
999 1749 1134 1831 orbique

111 1846 260 1901 terrarum
279 1858 335 1900 noc
349 1842 448 1901 miuus
466 1840 583 1900 diverso
598 1841 705 1918 cuique
725 1847 859 1918 tempore
878 1840 951 1918 ipsis
970 1838 1135 1902 exitiabilis

80 1927 175 1987 eluit.
216 1928 273 1988 hoc
301 1929 457 1989 consilium
486 1928 630 2007 sequendi
649 1928 808 2006 Pompeius
832 1945 950 1988 causam
973 1926 1135 2011 habuerat,

112 2023 146 2074 ut
164 2017 283 2077 taudem
301 2024 365 2077 acta
382 2019 413 2077 in
432 2019 636 2077 transmarinis
655 2018 828 2096 provinciis,
846 2016 968 2096 quibus,
991 2023 1026 2076 ut
1042 2034 1132 2095 prae·
1145 2024 1168 2065 ¹⁸

112 2105 251 2183 diximus,
276 2104 362 2165 multi
380 2105 597 2185 obtrectabant,
619 2123 674 2184 per
698 2104 854 2165 Caesarem
878 2104 1134 2167 confirmarentur

112 2192 277 2273 consulem,
301 2193 408 2254 Caesar
431 2203 543 2275 autem,
567 2193 646 2273 quod
666 2192 916 2253 animadvertebat
939 2192 1132 2255 secedendo

111 2281 233 2360 Pompei
260 2282 370 2361 gloriae
398 2290 556 2344 aucturum
583 2300 668 2343 suam
695 2290 725 2342 et
748 2282 856 2341 invidia
885 2282 1052 2342 eommunis
1075 2300 1131 2361 po·

110 2372 220 2431 tentiae
239 2373 270 2431 iu
288 2370 371 2432 illum
390 2371 519 2450 relegata
535 2371 779 2431 confirmaturum
798 2372 876 2430 vires
895 2387 973 2450 suas,
992 2367 1131 2453 Crassus,

111 2467 144 2519 ut
167 2477 257 2537 quem
278 2461 479 2539 principatum
502 2459 583 2518 solus
611 2458 734 2537 adsequi
757 2474 817 2518 nou
839 2466 970 2538 poterat,
998 2460 1166 2519 auctori-¹⁵

81 2554 170 2606 etate
189 2547 325 2627 Pompei,
347 2547 460 2607 viribus
479 2554 596 2608 teneret
615 2546 756 2607 Caesaris,
787 2546 921 2607 adfinitas
940 2548 1030 2606 etiam
1048 2549 1132 2609 inter

112 2633 268 2695 Caesarem
290 2634 524 2714 Pompeiumque
548 2644 699 2697 contracta
722 2638 848 2715 nuptiis,
872 2637 982 2714 quippe
1005 2635 1132 2711 Iulium,

80 2723 200 2782 4filiam
224 2722 254 2783 C.
270 2720 417 2804 Caesaris,
442 2723 493 2784 Cn.
512 2724 636 2804 Magnus
654 2724 738 2785 duxit
756 2742 888 2783 uxorem.
926 2725 957 2783 in
980 2721 1038 2782 hoc
1057 2741 1131 2785 cou-

112 2811 209 2872 sulatu
233 2810 340 2872 Caesar
361 2811 458 2891 legem
480 2814 561 2895 tulit,
590 2821 623 2874 ut
645 2832 716 2892 ager
739 2811 905 2891 Campanus
933 2810 1031 2891 plebei
1054 2811 1130 2873 divi-

111 2898 245 2978 deretur,
274 2918 396 2961 suasore
424 2901 497 2982 legis
524 2902 679 2982 Pompeio:
710 2903 750 2960 ita
778 2900 1167 2978 1111111111νί1ςίιηί1111111ω

182 3088 450 3173 inobiliasimeque
473 3089 638 3145 Doiobellae
661 3087 731 3154 AP,
757 3104 804 3141 em
828 3088 924 3142 Haece
1018 3093 1035 3142 3
1061 3088 1131 3155 fort.

111 3175 195 3226 quem
213 3160 263 3229 qui
279 3160 334 3216 reis
415 3163 595 3230 4praestare
613 3159 641 3212 A
720 3157 786 3213 6111
803 3159 903 3213 addidi
980 3158 1132 3215 nobitas

110 3230 245 3285 Heleneion
317 3230 613 3300 121111111Ρ1111Α
686 3235 719 3285 18
738 3230 860 3311 quoiqqe
879 3229 1039 3284 Acidaliue·
1059 3246 1132 3298 quo·

110 3317 164 3369 que
183 3302 295 3370 AP,q
276 3319 446 3370 quemquem
464 3301 599 3356 Heinsius
684 3306 718 3355 20
737 3299 866 3369 praedixi
883 3299 912 3353 A
998 3305 1032 3354 22
1052 3316 1133 3357 111111-

112 3371 203 3426 dendo
221 3342 253 3425 A
321 3379 356 3427 21
376 3389 460 3441 quem
479 3373 556 3426 MA.
575 3371 624 3440 qui
644 3371 673 3424 P
747 3377 782 3427 26
800 3370 906 3426 uiribus
927 3370 966 3425 Ρ·
985 3369 1133 3427 uiriuiri·

110 3441 161 3500 bus
181 3442 245 3495 MA
318 3449 352 3498 27
370 3443 472 3498 Iuliam
491 3444 554 3498 odd.
576 3442 662 3498 Orelli
733 3448 766 3497 29
786 3444 818 3496 ui
837 3442 876 3497 P.
896 3444 947 3497 ani
963 3441 991 3494 A
1121 3467 1125 3475 ·
