2422 3848
154 171 198 235 90
649 167 676 221 11

153 355 291 397 reversus
319 338 350 396 in
372 334 541 395 Armeniam
569 352 671 413 regem
699 335 764 394 eius
787 332 969 394 Artavasden
992 332 1108 393 fraude
1131 332 1171 393 de

154 434 273 505 ceptum
296 426 422 505 cateniS,
446 423 512 503 sed,
535 441 572 482 nc
597 422 668 500 quid
692 421 800 482 honori
823 422 955 501 deesset,
984 423 1096 482 aureis
1119 424 1171 483 riu

120 517 204 574 41111.
251 519 404 574 crescente
428 511 534 572 deinde
564 518 593 570 et
621 512 730 570 amoris
757 512 790 570 in
818 508 1006 588 Cleopatram
1035 510 1171 571 inccndio

153 610 183 662 et
206 605 358 682 vitiorum,
387 618 462 678 quae
491 617 609 678 semper
638 598 827 659 facultatibus
855 598 1039 676 licentiaque
1068 606 1105 661 et
1132 597 1171 659 ad·

152 688 369 751 sectationibus
392 689 525 769 altrntur,
549 688 764 767 magnitudine,
787 686 899 747 bellum
921 687 1039 766 patriae
1061 688 1171 749 interra

153 779 319 857 constituit,
344 795 413 837 cum
435 786 503 836 ante
527 794 637 837 novum
660 794 692 836 se
716 775 858 836 Liberum
880 775 1000 835 Patrem
1031 774 1171 855 appellari

152 869 302 946 iussisset,
333 884 399 926 cum
428 845 584 925 redimitus
607 865 726 925 hederis
750 881 918 942 coronaque
942 862 1061 924 velatus
1088 880 1177 925 aurea·

153 963 183 1014 et
212 955 347 1034 thyrsum
375 962 480 1014 tenens
509 953 723 1031 cothurnisque
756 954 928 1013 succinctus
964 970 1063 1013 ourru
1099 952 1171 1014 velut

151 1042 241 1103 Liber
262 1043 351 1104 Pater
374 1051 477 1103 vectus
501 1050 581 1102 esset
603 1041 759 1101 Alexandr
752 1060 805 1101 iae.

123 1142 136 1189 1
242 1129 293 1192 83.
330 1130 411 1192 Inter
434 1129 514 1190 huno
531 1137 704 1208 apparatum
727 1129 797 1189 belli
810 1129 951 1209 Plancus,
974 1145 1038 1189 non
1062 1128 1169 1191 iudicio

152 1227 234 1280 recta
270 1218 387 1298 legendi
424 1236 522 1296 neque
559 1236 658 1278 amore
691 1220 737 1278 rei
772 1217 908 1297 publicae
940 1224 992 1277 aut
1027 1216 1168 1297 Caesaris,

152 1310 261 1386 qnippe
285 1307 359 1366 haec
382 1324 501 1384 semper
514 1306 717 1388 impugnabat,
743 1307 794 1366 sed
810 1305 913 1366 morbo
928 1304 1084 1388 proditor,
1108 1322 1168 1367 cun

139 1395 258 1454 luisset
281 1393 466 1454 humillimus
489 1394 658 1456 adsentator
678 1397 798 1473 reginae
813 1402 843 1455 et
857 1394 934 1454 inira
949 1411 1056 1454 servos
1070 1394 1168 1475 cliens,

153 1501 221 1542 cum
252 1482 372 1542 Antonii
403 1481 557 1563 librariuS,
590 1502 659 1543 cum
691 1482 973 1543 obscenissimarum
1004 1500 1116 1543 rerum
1144 1490 1167 1543 ct

120 1577 256 1630 sanctor
289 1578 320 1631 et
351 1572 501 1652 minister,
533 1589 601 1631 cum
632 1574 664 1631 in
696 1573 794 1631 omnia
824 1577 853 1630 et
881 1568 1022 1630 omnihus
1051 1570 1167 1649 venalis

151 1677 220 1718 cum
243 1658 429 1719 caeruleatus
453 1666 483 1718 et
505 1659 604 1719 nardus
628 1668 775 1738 caputque
798 1658 953 1719 redimitus
967 1659 1121 1721 arundine
1143 1664 1167 1719 et

150 1747 273 1807 caudam
295 1746 431 1826 trahem,
454 1746 579 1825 genibus
602 1749 722 1808 innixus
736 1747 881 1807 Glaucum
895 1746 1034 1808 saltasset
1054 1748 1090 1809 in
1104 1766 1166 1809 oon·

150 1837 238 1914 rivio,
261 1835 456 1912 refrigeratus
478 1833 515 1894 ab
535 1835 664 1895 Antonio
687 1834 725 1894 ob
749 1836 973 1895 manifestarum
995 1838 1167 1915 rapinarum

149 1923 258 1982 indicia
284 1922 444 2001 transfugit
471 1922 507 1981 ad
535 1921 704 1984 Caesarem:
742 1932 772 1982 et
801 1922 880 1982 idem
906 1929 1011 2000 postea
1041 1923 1166 1985 clemen·

150 2012 221 2069 tiam
244 2012 364 2070 victoris
387 2029 442 2089 pro
466 2028 519 2070 sua
541 2012 652 2071 virtute
675 2009 941 2091 interpretabatur,
970 2009 1119 2073 dictitans
1139 2010 1165 2073 id

149 2097 307 2176 probatum
331 2116 348 2158 a
371 2098 509 2178 Caesare,
533 2100 581 2157 oui
604 2098 653 2158 ille
677 2101 843 2178 ignoverat,
871 2117 940 2158 mox
963 2105 1067 2159 autem
1091 2100 1166 2161 hunc

117 2187 328 2246 savunoulnm
356 2187 453 2246 Titius
481 2187 613 2247 imitatus
641 2194 694 2247 est.
740 2186 819 2246 haud
850 2186 977 2247 absurde
1005 2185 1166 2269 Coponius,

150 2275 194 2334 vir
218 2293 233 2334 e
261 2276 419 2354 praetoriis
446 2276 650 2355 gravissimus,
680 2275 711 2334 P.
741 2274 807 2335 Silii
834 2293 934 2355 socer,
962 2293 1033 2335 oum
1062 2294 1166 2339 recens

148 2363 301 2441 transfuga
329 2361 420 2422 11111111
450 2380 484 2422 ac
516 2362 642 2423 nefanda
671 2363 797 2424 Plancus
830 2362 946 2423 absenti
973 2361 1107 2425 Antonio
1138 2365 1165 2425 in

149 2460 254 2512 senatu
277 2450 423 2530 obiceret,
446 2449 552 2531 inulta,
574 2453 684 2532 inquit,
713 2450 900 2512 mehercules
923 2452 995 2511 lecit
1018 2452 1164 2515 Antonius

149 2539 244 2618 pridie
268 2556 357 2616 quam
380 2545 413 2597 tu
436 2536 520 2598 illurn
542 2538 736 2618 relinqueres·

118 2641 132 2687 1
238 2623 289 2688 84
332 2623 456 2685 Caesare
485 2626 591 2687 deinde
619 2636 650 2688 et
677 2626 801 2687 Messala
832 2625 958 2687 Corvino
991 2628 1164 2690 consulibus

148 2713 327 2775 debellatum
341 2713 418 2792 apud
433 2714 564 2797 notium,
587 2714 639 2775 ubi
661 2715 749 2793 longe
772 2723 841 2775 ante
860 2733 949 2794 quom
963 2716 1164 2796 dimicaretur,

148 2794 383 2881 exploraltissima
412 2801 592 2864 Iulianarum
621 2805 751 2883 partium
781 2803 838 2863 suit
864 2805 996 2864 victoria
1049 2804 1164 2885 vigebat

219 2960 235 3010 8
255 2954 433 3025 coturnisque
451 2956 479 3009 A
551 2961 583 3008 12
602 2954 783 3023 impugnarat
799 2955 929 3009 Burman
999 2961 1033 3009 14
1052 2956 1163 3013 obseoe-

147 3025 325 3081 nissimarum
346 3027 374 3079 P
482 3031 514 3080 15
534 3024 610 3080 etin
629 3025 841 3094 omnibusne,
860 3043 907 3081 aa.
927 3025 1059 3081 Gelenius

147 3103 180 3150 21
200 3100 378 3152 monentem
396 3097 509 3166 (autA)
527 3096 809 3164 huncmoxa.MA‚
827 3068 902 3150 huno
920 3113 986 3152 mox
1004 3112 1030 3151 s
1048 3097 1089 3164 Ρ,
1107 3099 1163 3169 spu

145 3169 240 3221 1111111111
257 3185 323 3223 mox
341 3169 436 3222 autem
454 3167 542 3234 hunc,
561 3183 642 3219 suum
661 3183 704 3220 ev.
723 3168 782 3235 (111.
801 3182 844 3221 ov.
864 3169 956 3234 suum)
1072 3138 1161 3225 1211.

147 3237 237 3292 Titius
255 3237 426 3322 LipsiualC
447 3236 593 3319 Coponius
604 3237 738 3306 Kreyssip
792 3244 826 3291 23
846 3254 860 3291 e
879 3237 1028 3319 praetoriis
1048 3238 1161 3309 Sebaqla

147 3309 187 3363 ..Ε
205 3309 360 3378 praetorius
380 3307 453 3373 MA,
471 3306 629 3376 praetorius
649 3307 684 3375 Ρ,
703 3308 842 3377 egregius,
880 3307 1016 3363 melorius
1035 3308 1148 3365 1111111111.

145 3380 177 3432 Ρ
197 3378 420 3517 Shfigfflssm'
445 3348 590 3432 'Patersilii
608 3378 634 3431 A
637 3380 752 3448 ,palen
776 3377 840 3433 Silii
992 3384 1027 3434 29
1046 3380 1151 3451 uigebn

145 3452 224 3518 (urge
246 3465 262 3503 a
293 3465 306 3503 s
