2422 3848
119 172 182 236 106
559 162 561 167 X
609 170 636 224 ΙΙ

116 338 172 399 bus
195 336 365 398 homiuibus
388 336 504 417 salutis,
528 337 650 416 quietis,
672 339 767 417 pacis,
792 335 1027 414 tranquillitatis,
1055 333 1129 393 adeo

115 435 149 487 ut
172 444 227 486 nec
250 425 317 505 plus
340 426 453 503 sperari
475 427 608 503 potuerit
630 443 686 484 nec
714 425 778 504 spei
806 422 981 502 responderi
1004 421 1130 483 felicius.

78 527 92 574 1
208 510 280 574 104.
319 513 482 592 Adoptatus
506 513 607 573 eadem
632 512 679 573 die
704 515 791 573 etiam
815 512 852 572 M.
875 511 1017 590 Agrippa,
1040 528 1132 588 quem

115 609 184 681 post
210 608 338 662 mortem
364 601 511 679 Agrippae
537 600 611 661 lulia
637 602 724 662 enixa
754 609 830 679 erat,
862 600 915 660 sed
942 602 974 659 in
1001 597 1131 659 Neronis

116 690 272 769 adoptione
299 689 372 749 illud
400 688 548 750 adiectum
576 687 623 748 hie
650 691 724 768 ipsis
753 687 887 749 Caesaris
919 685 1030 747 verbis:
1062 686 1159 764 hoc,⁵

76 790 92 837 2
116 781 227 857 inquit,
250 780 295 841 rei
317 776 452 856 publicae
475 794 564 837 eausa
582 777 667 838 facio.
703 795 764 837 non
787 776 838 837 diu
863 775 1008 837 vindicem
1031 781 1131 835 custo·

115 867 242 944 demque
274 866 392 944 imperii
424 867 471 924 sui
501 872 615 925 morata
646 867 677 924 in
710 864 784 926 turbe
812 865 907 953 patria
934 865 1072 941 protinus
1097 864 1131 923 in

116 954 311 1015 Germaniam>
325 955 417 1033 misit,
440 951 493 1014 uhi
515 961 584 1013 ante
606 955 771 1015 triennium
792 952 848 1013 sub
870 951 906 1013 Μ.
926 951 1053 1030 Vinicio,
1077 969 1130 1011 aro

115 1050 180 1121 tuo,
204 1042 367 1103 clarissimo
389 1043 467 1124 viro,
490 1043 669 1103 immensum
688 1048 838 1102 exarserat
855 1039 975 1101 bellum.
1012 1047 1076 1101 erat
1099 1038 1130 1099 id

115 1130 151 1190 ab
175 1148 211 1189 eo
235 1128 411 1207 quibusdam
434 1131 465 1189 in
488 1128 561 1189 locis
580 1137 710 1209 gestum,
733 1128 910 1207 quibusdum
929 1135 1131 1189 sustentatum
1146 1139 1170 1178 1⁰

115 1217 242 1280 feliciter
269 1235 364 1296 eoque
392 1219 512 1277 nomine
540 1216 660 1279 decreta
688 1220 716 1278 ei
744 1235 813 1278 cum
840 1217 1057 1295 speciosissima
1085 1217 1130 1276 in-

75 1308 278 1384 3scriptione
310 1323 435 1384 operum
468 1313 641 1366 ornamenta
672 1305 868 1384 triumphalia.
922 1304 979 1364 hoc
1011 1312 1130 1382 tempus

115 1412 176 1473 me,
198 1394 334 1458 sunctum
357 1401 425 1455 ante
449 1393 617 1473 tribunatu,
640 1401 806 1459 castrorum
829 1393 872 1455 Ti.
897 1392 1031 1453 Caesaris
1054 1391 1130 1453 mili·

115 1490 175 1542 tem
192 1481 281 1545 lecit:
313 1483 424 1560 quippe
451 1483 589 1560 protinus
617 1480 653 1543 ab
681 1482 837 1560 adoptione
865 1483 975 1541 missus
1000 1498 1071 1540 cum
1094 1499 1131 1541 eo

115 1570 283 1648 praelectus
307 1565 442 1647 equitum
463 1570 496 1629 in
518 1569 719 1649 Germaniam,
742 1587 899 1631 successor
922 1568 1013 1631 officii
1034 1570 1130 1647 patris
1144 1578 1168 1618 1⁶

115 1659 186 1739 mei,
219 1657 500 1718 caelestissimorum
523 1660 587 1718 eius
615 1676 740 1738 operum
765 1676 820 1736 per
848 1674 941 1717 annos
971 1658 1130 1725 continuos

116 1764 221 1806 novem
243 1747 413 1825 praelectus
431 1754 483 1807 aut
501 1745 615 1824 legatus
634 1754 784 1824 spectator
798 1753 828 1807 et
842 1763 897 1824 pro
912 1752 1000 1823 captu
1018 1744 1131 1805 medio-

116 1836 229 1895 critatis
252 1853 335 1895 meae
359 1835 476 1895 adiutor
498 1835 550 1894 lui.
592 1852 688 1912 neque
712 1833 754 1897 illi
778 1833 961 1912 spectaculo,
984 1850 1043 1911 quo
1067 1833 1129 1893 iru-

116 1930 182 1982 ctus
205 1940 285 2002 sum,
311 1921 406 1983 simile
430 1921 564 1983 condicio
588 1921 721 1983 mortalis
744 1923 884 2000 recipere.
907 1920 1024 1981 videtrir
1047 1920 1130 2000 mihi,

116 2027 184 2069 cum
206 2028 261 2088 per
284 2009 509 2071 celeberrimam
531 2009 631 2071 ltaliae
654 2018 770 2088 partem
796 2017 984 2087 tractumque
1009 2026 1130 2071 omnem
1144 2019 1169 2059 2⁰

116 2096 223 2158 Galliae
246 2099 468 2176 provinciarum
489 2106 622 2159 veterem
639 2099 850 2178 imperatorem
874 2106 904 2159 et
926 2106 994 2158 ante
1014 2098 1131 2157 meritis

116 2204 149 2246 ac
172 2185 332 2247 virtutibus
355 2203 444 2264 quam
467 2188 586 2246 nomine
607 2185 764 2248 Caesarem
787 2188 951 2248 revisentes
973 2184 1030 2246 sihi
1049 2187 1130 2264 quis-

76 2288 93 2336 4
117 2292 174 2352 que
198 2292 286 2352 quam
308 2273 352 2335 illi
374 2273 594 2352 gratularentur
611 2274 763 2353 pleniusa
775 2283 805 2336 at
824 2292 895 2335 vero
913 2273 1040 2335 militum
1059 2291 1133 2335 con-1

117 2372 222 2441 spectu
245 2364 310 2423 eius
338 2361 453 2422 elicitae
481 2363 587 2441 gaudio
612 2362 751 2425 lacrimae
779 2363 973 2440 alacritasque
999 2370 1030 2423 et
1053 2361 1129 2423 salu·

117 2452 235 2510 tationis
268 2468 342 2509 nova
375 2450 518 2528 quaedam
551 2450 690 2511 exultatio
723 2459 753 2510 et
785 2449 975 2528 contingendi
1009 2467 1130 2510 manum
1144 2460 1170 2501 2⁵

118 2538 264 2616 cupiditas
278 2555 338 2597 non
353 2539 583 2619 continentium,
600 2540 738 2618 protinus
753 2540 825 2616 quin
839 2532 1015 2618 adiicerent,
1034 2532 1130 2598 ‘ride-

187 2729 202 2776 3
222 2723 371 2793 adoptatus
389 2741 440 2780 om.
458 2725 486 2778 A
507 2726 511 2792 Ι
532 2725 631 2787 eodem
647 2724 760 2780 Kruuae
779 2727 783 2792 Ι
802 2725 839 2781 Μ.
859 2725 910 2787 atat.
934 2724 1053 2781 Ursinus

116 2799 132 2847 8
151 2792 200 2848 ubi
216 2793 254 2848 P:
273 2793 316 2849 uti
329 2795 357 2848 A
412 2801 428 2849 9
447 2794 477 2848 id
494 2795 622 2864 Iapetus:
642 2797 671 2855 et
683 2795 743 2849 ΑΡ
759 2798 800 2864 (et
816 2798 879 2851 erui
891 2795 999 2864 Haase)
1055 2802 1087 2851 11
1103 2795 1131 2850 ei

117 2865 157 2918 P:
171 2866 200 2920 et
212 2865 240 2918 A
296 2872 328 2918 13
346 2867 521 2921 tribunicium
533 2866 561 2919 A
577 2867 582 2934 Ι
598 2865 640 2922 Ti
655 2865 694 2921 P:
713 2867 745 2920 T.
757 2867 786 2920 A
842 2873 876 2922 14
889 2866 958 2929 fecit
970 2864 1041 2928 ΑΡεἸ
1058 2865 1132 2921 vidit

116 2935 234 3004 Stuuqer
289 2943 321 2991 17
338 2936 427 2992 Vllll.
443 2937 482 2992 P:
501 2935 574 2998 VIII,
588 2937 616 2991 A
634 2937 710 2993 haud
722 2938 779 2993 ecio
793 2954 831 2993 aaa
844 2942 920 3004 reete,
933 2953 959 2992 o.
973 2937 1132 3006 Kreqeaa'qt'a'

113 3007 203 3074 praef.
220 3023 249 3075 p.
267 3006 319 3060 LII
337 3012 362 3061 et
380 3007 538 3077 Suttppittm
558 3008 591 3061 o'n
610 3007 705 3071 Musei
721 3008 813 3062 laederet.
832 3007 857 3076 I,
878 3013 929 3064 139
991 3047 996 3055 .
1016 3012 1049 3062 1t
1068 3023 1130 3077 epe·

117 3079 208 3132 ctetor
230 3080 260 3132 et
281 3077 422 3133 Gelonium
445 3079 604 3147 spectatum
624 3078 665 3145 A,
688 3081 830 3148 spectatus
854 3079 889 3145 P,
915 3080 1058 3148 spectetur
1081 3080 1132 3132 eut

118 3149 246 3216 Cluditte,
266 3165 329 3203 oum
348 3150 503 3218 spectator,
520 3149 582 3211 tum
597 3147 683 3203 Orelli
736 3153 771 3203 18
788 3149 896 3212 frustm
911 3149 949 3202 M
952 3170 958 3202 ε
976 3147 1079 3205 fruitus
1095 3148 1131 3218 P,

115 3218 227 3274 functus
244 3220 272 3273 A
344 3224 378 3274 20
396 3221 547 3287 uacumq.
566 3217 696 3281 Gladius:
714 3221 836 3275 tractum
854 3219 919 3286 ΑΡ,
938 3219 969 3274 et
984 3220 1020 3275 u.
1036 3221 1076 3276 al.

117 3295 151 3341 22
178 3288 328 3346 virtutibus
355 3289 483 3359 Lipaism
510 3289 617 3347 uiribus
642 3289 700 3343 ΑΡ
727 3292 732 3360 l
761 3290 850 3358 quisq.
878 3305 965 3357 quam
989 3289 1027 3351 P=
1055 3289 1130 3358 quis·

116 3360 247 3482 qucmlA
307 3367 340 3415 23
359 3363 391 3414 ct
408 3376 458 3416 oto.
478 3362 505 3414 A
558 3366 595 3415 24
612 3360 723 3417 elicitee
743 3360 782 3416 P:
800 3359 938 3417 felicitate
955 3361 982 3413 A
999 3362 1004 3429 Ι
1019 3359 1130 3430 lachry-

116 3445 178 3483 mee
218 3434 227 3459 '
