2422 3848
143 179 206 242 112
430 148 437 163 '
634 172 661 228 11
720 264 722 269 Ι

141 346 222 404 cives
238 343 375 422 Romani,
398 343 538 403 trucidati
556 344 770 422 negotiatores,
793 358 917 420 magnus
936 333 1158 400 iixilldridrum

142 449 286 491 numerus
310 430 346 491 ad
369 433 603 492 internecionem
627 449 661 490 ea
682 432 715 490 iu
738 431 872 509 regione,
896 447 970 506 quae
993 427 1157 508 plurimum
1198 436 1201 445 '

142 520 178 580 ab
202 522 380 598 imperatore
409 519 522 598 aberat,
550 537 668 598 caesus,
696 525 839 596 occupata
865 518 955 577 armis
977 515 1158 596 Macedonia,

142 610 241 668 omnia
269 616 299 668 et
326 610 357 667 in
385 606 523 667 omnibus
551 606 624 666 loeis
653 608 714 684 igni
742 605 882 684 ferroque
912 612 1031 666 vastata.
1085 607 1158 683 quin

142 698 232 756 etiam
254 703 354 756 tantus
376 694 467 755 huius
489 693 559 754 belli
582 702 679 754 metus
702 693 772 773 luit,
798 701 834 769 pt
857 692 993 754 stabilem
1021 693 1106 753 illum
1129 701 1184 753 ets

142 772 293 844 firmatum
314 789 466 843 tantorum
495 781 641 842 bellorum
668 784 851 861 experientia
874 774 1010 842 Caesaris
1031 782 1159 860 Augusti

143 874 275 932 animum
298 879 433 949 quateret
456 878 545 948 atque
568 863 706 930 terreret.

114 961 128 1009 1
234 956 306 1019 111.
355 957 454 1033 Habiti
486 961 587 1036 itaque
619 958 758 1034 dilectus,
794 961 924 1018 revocati
959 957 1092 1036 undique
1130 966 1160 1017 et

143 1065 247 1107 omnes
270 1049 415 1127 veterani,
442 1048 500 1107 riri
526 1046 711 1125 feminaeque
740 1064 892 1107 escensu
915 1045 1088 1106 libertinum
1111 1063 1159 1106 co·

143 1144 225 1196 actae
250 1135 319 1195 dare
343 1134 475 1195 militem.
521 1134 620 1194 audita
646 1137 679 1194 in
707 1142 811 1194 senatu
839 1152 895 1195 vox
921 1136 1079 1214 principis,
1111 1133 1159 1194 de·
1174 1149 1199 1189 11

144 1226 220 1283 cimo
254 1223 314 1302 die,
348 1225 380 1283 ni
406 1230 575 1303 caveretur,
606 1240 695 1301 posse
722 1222 841 1282 hostem
872 1224 903 1282 in
934 1221 1019 1283 urhis
1048 1221 1161 1282 Romae

143 1314 245 1370 venire
276 1319 501 1388 conspectum*
528 1319 700 1376 senatorum
732 1312 926 1389 equitumque
958 1309 1161 1371 Romanorum

114 1402 263 1458 texaetae
291 1398 381 1458 adid
408 1397 519 1458 bellum
547 1416 669 1477 operae:
694 1406 834 1475 prompte
857 1398 1019 1478 pollicitati.
1061 1400 1161 1458 onmia

144 1487 216 1546 haec
240 1488 353 1546 frustra
374 1503 648 1567 praeparassemus,
678 1489 736 1547 nisi
759 1489 810 1565 qui
833 1486 881 1546 illa
904 1495 1023 1567 regeret
1046 1487 1162 1548 luisset.

145 1577 245 1652 itaque
268 1583 301 1635 ut
324 1574 506 1653 praesidium
524 1574 662 1636 ultimum
685 1574 871 1654 respublica
893 1574 929 1634 ab
948 1576 1082 1654 Augusto
1107 1573 1160 1634 du·
1176 1590 1201 1631 15

114 1681 211 1735 3cem
234 1665 265 1723 in
287 1662 399 1723 bellum
421 1665 558 1742 poposcit
580 1663 742 1724 Tiberium.
780 1662 883 1724 habuit
905 1665 937 1723 in
959 1662 1017 1722 huc
1041 1680 1162 1741 quoque

145 1751 222 1812 hello
246 1751 435 1811 mediocritas
458 1758 559 1812 nostra
587 1753 715 1831 speciosi
742 1753 899 1812 ministerii
926 1751 1033 1813 locum.
1078 1751 1163 1810 linita

146 1841 279 1918 equestri
300 1839 404 1900 militia
421 1840 592 1919 designatus
613 1841 752 1918 quaestor
770 1832 897 1900 necdum
916 1847 1036 1900 senator
1055 1856 1162 1917 aequa·

145 1937 195 1988 tus
223 1926 424 2008 senatoribus,
452 1931 541 1988 etiam
568 1929 728 2007 designatis
755 1927 884 1988 tribunis
907 1927 1017 2007 plebei,
1045 1935 1163 2006 portem

146 2014 296 2075 exercitus
324 2015 360 2075 ab
388 2014 463 2075 urbe
491 2016 592 2076 traditi
619 2016 655 2077 ah
683 2016 816 2096 Augusto
847 2017 974 2095 perduxi
1002 2015 1038 2075 ad
1068 2014 1164 2076 lilium
1178 2036 1201 2077 11

115 2104 220 2175 411115.
266 2105 297 2162 in
321 2111 481 2181 quaestura
503 2103 610 2165 deinde
633 2106 758 2165 remissa
784 2112 866 2165 sorte
891 2106 1060 2183 provinciae
1084 2102 1163 2182 lega·

148 2199 196 2251 tus
216 2189 349 2251 eiusdem
367 2190 403 2251 ad
423 2192 551 2252 eundem
568 2193 678 2253 missus
696 2211 771 2254 sum.
800 2211 872 2271 quas
896 2211 949 2253 nos
968 2194 1064 2271 primo
1084 2209 1162 2251 anno

148 2281 226 2341 acies
249 2279 380 2340 hostium
398 2279 538 2341 vidimus!
563 2283 681 2359 quantis
703 2280 862 2359 prudentia
884 2281 969 2341 ducis
987 2283 1163 2359 opportuni·

148 2367 258 2428 tatibus
282 2370 417 2428 fruentes
441 2386 545 2429 eorum
568 2371 647 2440 vires
670 2372 824 2429 universas
848 2369 1003 2448 clusimus,
1024 2367 1163 2443 fudimus

219 2525 234 2572 2
258 2519 473 2575 internetionem
495 2520 554 2575 ΑΡ
575 2520 648 2588 (item
670 2522 752 2590 ulios)
842 2527 860 2575 4
882 2521 951 2590 quin
975 2520 1162 2575 Vascosouus:

146 2589 215 2656 quia
228 2589 287 2641 ΑΡ
352 2591 467 2644 tetiam
480 2591 760 2646 11111115Α11,1111111
776 2591 805 2644 P
865 2592 1042 2646 dirmetum
1055 2592 1162 2646 Burei:

147 2659 299 2713 formatum
314 2660 386 2726 MA,
404 2660 578 2715 fortunatum
589 2662 617 2714 P
669 2666 686 2715 8
700 2662 819 2716 dilectus
829 2663 869 2717 A:
884 2663 1008 2717 delectus
1017 2662 1045 2715 A
1061 2665 1066 2730 1
1082 2678 1163 2716 reuo-

147 2730 227 2782 catus
237 2728 301 2797 AP,
317 2730 426 2784 evocati
439 2731 550 2786 Aoidai.
564 2731 870 2799 1111.Τ11.Η111.2,82
887 2736 891 2803 Ι
907 2732 1136 2788 11111111111111111

149 2805 164 2852 9
180 2800 272 2853 coacti
286 2798 402 2854 obsidius
456 2808 490 2855 10
503 2801 626 2856 militum
641 2803 717 2872 ΑΡΙ
734 2803 830 2857 audita
849 2845 855 2858 .
876 2847 882 2860 .
900 2803 1054 2873 pollicitati
1066 2804 1164 2873 posuit

148 2870 244 2924 Haece
253 2874 318 2937 posi
330 2872 448 2925 terreret
458 2887 482 2924 o.
495 2877 509 2925 7
557 2877 589 2926 13
599 2875 729 2943 prompte
742 2875 882 2942 suppieoi,·
893 2873 1045 2943 pollicitati
1059 2874 1163 2929 omniu.

148 2941 376 3010 haecHottiuqer
427 2947 459 2995 15
474 2942 606 2996 ultimum
615 2944 742 3012 Lipsius:
757 2944 879 2999 militum
888 2945 947 2998 ΑΡ
995 2951 1027 2999 17
1043 2944 1164 3000 ministri

149 3012 214 3078 ΑΡ,
232 3028 279 3068 em.
293 3012 408 3081 Lipsius
472 3019 504 3068 19
525 3015 554 3067 et
570 3013 628 3067 iam
647 3015 775 3070 Gelenius
837 3022 872 3071 20
894 3015 992 3069 traditi
1015 3016 1051 3075 ab
1068 3017 1102 3070 A.
1127 3015 1163 3069 ab

148 3083 217 3137 urbe
235 3082 368 3155 Kreyssip
393 3084 397 3156 Ι
421 3084 553 3154 perduxit
569 3085 628 3138 ΑΡ
695 3092 735 3141 22
755 3085 875 3142 *missus
894 3105 967 3141 sum:
990 3086 1108 3140 missum
1126 3088 1162 3152 A,

149 3153 249 3208 missus
266 3155 294 3208 P
346 3161 379 3209 23
395 3155 472 3210 ducis
486 3156 528 3210 usi
543 3173 567 3211 o.
582 3155 718 3212 Heinsius
771 3158 943 3212 1111111111
959 3156 1055 3212 Orelli:
1069 3157 1163 3211 furen-

149 3225 203 3280 teis
222 3225 316 3280 MAP
338 3227 342 3294 Ι
363 3242 459 3281 eorum
478 3227 554 3308 MA:
573 3227 603 3280 in
621 3243 685 3281 eum
705 3228 756 3296 ΡΙ
776 3228 909 3283 clusimus
927 3243 1020 3284 censer
1037 3228 1069 3282 iu
1086 3228 1162 3283 Bitt.

400 3313 549 3352 e1us1mus

146 3366 242 3432 philol.
269 3365 296 3432 1,
323 3373 371 3420 42:
399 3369 539 3423 suasimus
561 3369 602 3436 A,
631 3370 770 3424 suasimus
797 3371 852 3440 ΡΙ
877 3370 999 3425 fudimus
1026 3369 1163 3438 supplevit

151 3435 258 3499 Haase;
276 3437 442 3505 reliquorum
459 3441 611 3495 teutouiuu
629 3456 653 3496 o.
672 3442 750 3510 opud
767 3442 909 3497 Kritiium
