2422 3848
157 146 198 208 10
628 145 671 197 ,Ι

157 328 225 370 eum
253 309 387 388 spoliavit
414 312 565 389 sanguinis
593 313 652 372 sui:
685 328 753 370 nam
776 309 902 370 alterum
926 328 962 369 ex
979 312 1066 390 -suis,
1094 329 1169 388 quos

155 401 188 458 in
210 398 318 459 familia
338 401 517 479 retinuerat,
539 399 641 460 liberis
656 406 724 458 ante
738 416 850 476 paucos
864 399 1020 479 triumphi,
1044 398 1170 459 alterum

126 495 223 565 tpost
254 489 410 566 pauciores
443 489 540 548 amisit
573 488 644 548 dies.
685 505 787 566 aspera
819 489 898 547 circa
930 485 1003 547 haec
1036 495 1169 566 tempora

156 593 283 635 censura
314 575 409 635 Fulvii
440 574 539 636 Flacci
571 583 601 636 et
632 575 778 636 Postumii
810 575 909 636 Albini
944 576 1014 635 luit:
1059 577 1169 655 quippe

155 662 249 723 Fulvii
283 666 416 724 censoris
449 664 554 744 irater,
586 671 616 724 et
648 664 768 743 quidem
798 682 935 744 consors,
967 663 1019 724 Cn.
1047 663 1169 724 Fulvius
1202 698 1211 705 -

156 759 261 812 senatu
284 760 383 813 motus
407 761 452 813 est
475 752 522 811 ah
535 755 571 813 iis
594 751 777 814 censoribus.

126 858 139 903 1
247 837 297 901 11.
333 840 405 901 Post
428 842 539 901 victum
562 849 740 920 captumque
754 841 881 918 Persen,
904 843 955 918 qui
974 840 1169 918 quadriennio

154 935 223 1007 post
249 930 280 988 in
303 928 396 989 lihera
419 930 552 990 custodia
574 928 663 990 Albae
692 929 832 1009 decessit,
861 927 1130 1008 Pseudophilippus
1154 947 1170 988 a

155 1017 308 1077 mendacio
337 1018 490 1078 simulatae
514 1020 636 1096 originis
660 1017 837 1096 appeMatus,
865 1018 917 1094 qui
944 1035 976 1076 se
999 1015 1169 1096 Philippum

155 1107 312 1183 regiaeque
336 1108 438 1184 stirpis
461 1106 587 1186 ferebat,
615 1124 684 1166 cum
707 1113 787 1165 esset
809 1105 943 1184 ultimae,
967 1107 1057 1164 armis
1081 1124 1168 1166 occu·
1185 1121 1208 1158 1·

154 1202 222 1272 pata
244 1193 428 1274 Macedonia,
456 1194 619 1273 adsumptis
647 1196 732 1272 regni
754 1193 921 1270 insignibus
944 1192 1027 1253 brevi
1050 1197 1168 1254 temeri-

125 1284 224 1344 2tatis
251 1300 362 1360 poenas
390 1282 483 1342 dedit:
521 1284 629 1360 quippe
658 1281 692 1352 Q.
719 1281 855 1341 Metellus
887 1289 1019 1362 praetor,
1052 1284 1101 1341 cui
1133 1301 1169 1342 ex

155 1373 266 1430 virtute
280 1369 462 1431 Macedonici
475 1388 584 1430 nomen
603 1371 729 1430 inditum
754 1368 860 1450 [erat],
882 1369 1032 1448 praeclara
1046 1372 1169 1430 victoria

154 1462 254 1537 ipsum
277 1466 455 1537 gentemque
480 1460 642 1540 superavit,
666 1466 696 1519 et
717 1460 839 1518 immani
862 1461 950 1518 etiam
967 1457 1099 1518 Achaeos
1122 1477 1168 1518 re-

124 1563 140 1610 3
155 1546 265 1607 heMare
289 1548 459 1626 incipientis
482 1547 558 1607 fudit
572 1549 643 1607 acie.
679 1546 728 1606 hic
743 1554 788 1607 est
802 1546 937 1606 MeteMus
952 1545 1168 1627 Macedonicus,
1184 1562 1210 1601 15

156 1638 207 1715 qui
234 1637 382 1716 porticus,
414 1653 489 1714 quae
522 1637 645 1696 fuerunt
677 1635 876 1695 circumdatae
904 1633 1019 1694 duabus
1046 1635 1168 1696 aedibus

155 1728 219 1785 sine
246 1726 441 1803 inscriptione
468 1726 585 1805 positis,
617 1741 692 1802 qnae
725 1741 805 1793 niano
834 1723 971 1783 Octaviae
1003 1723 1168 1802 porticibus

155 1812 339 1894 ambiuntur,
361 1813 486 1892 lecerat,
509 1815 619 1890 quique
642 1812 718 1872 hanc
742 1819 870 1871 turmam
892 1815 1056 1872 statuarum
1079 1830 1168 1889 eque-

155 1904 275 1980 strium,
299 1918 374 1979 quae
397 1901 527 1960 frontem
545 1900 662 1960 aedium
677 1906 824 1980 spectant,
846 1899 993 1978 hodieque
1009 1903 1168 1960 maximum

124 1997 362 2050 torneamentum
376 1990 440 2048 eius
463 1987 532 2068 loci,
556 2007 593 2048 ex
606 1987 776 2049 Macedonia
799 1987 913 2048 detulit.
946 1990 1031 2049 cuius
1052 1997 1167 2049 turmae
1183 2005 1210 2043 20

155 2079 230 2138 hanc
254 2095 374 2137 causam
396 2077 544 2157 referunt,
571 2075 710 2156 Magnum
732 2076 931 2137 Alexandrum
953 2079 1128 2155 impetrasse
1152 2095 1168 2136 a

154 2166 296 2247 Lysippo,
320 2165 462 2243 singulari
483 2165 586 2226 talium
610 2174 731 2226 auctore
755 2183 892 2243 operum,
916 2172 948 2224 ut
968 2183 1072 2225 eorum
1086 2168 1168 2243 equi-

155 2265 232 2335 tum,
259 2256 311 2333 qui
342 2272 377 2313 ex
400 2255 494 2332 ipsius
517 2261 615 2314 turma
637 2253 713 2332 apud
739 2251 898 2313 Granicum
920 2251 1030 2312 {lumen
1055 2254 1167 2313 cecide·

154 2351 234 2423 rant,
267 2361 408 2422 expressa
440 2342 631 2402 similitudine
663 2341 827 2418 figurarum
860 2340 971 2400 laceret
998 2348 1110 2402 statuas
1139 2351 1168 2402 et

125 2434 250 2510 5ipsius
273 2449 392 2509 quoque
415 2431 452 2489 iis
474 2432 687 2509 interponeret.
723 2428 773 2488 hic
796 2427 875 2488 idem
897 2430 1012 2506 primus
1036 2433 1168 2490 omnium
1183 2446 1208 2487 2·

155 2521 265 2579 Romae
289 2519 393 2578 aedem
416 2535 450 2576 ex
474 2535 621 2577 marmore
644 2519 676 2576 in
696 2519 732 2576 iis
747 2518 820 2594 ipsis
834 2519 1034 2577 monumentis
1049 2517 1168 2578 molitus

154 2611 245 2668 leuius
272 2607 318 2666 vel
348 2605 581 2685 magnificentiae
608 2605 655 2665 vel
684 2604 818 2664 luxuriae
846 2606 985 2684 princeps
1014 2606 1077 2666 luit.
1121 2609 1170 2666 vix

125 2695 246 2756 tullius
268 2697 365 2773 gentis
389 2695 492 2755 aetatis
515 2694 628 2754 ordinis
650 2692 802 2753 hominem
814 2694 979 2776 inveneris,
1004 2697 1089 2754 cuius
1106 2694 1168 2754 feli-

156 2787 276 2844 citatem
298 2784 434 2843 fortunae
448 2781 558 2843 Metelli
572 2799 734 2860 compares.
766 2798 834 2840 nam
856 2788 975 2859 praeter
996 2782 1169 2842 excellentis

228 2997 241 3043 1
262 3005 297 3044 ex
314 2988 350 3071 iis
363 2989 462 3070 Aldus,
481 3004 521 3041 au
537 2985 633 3040 liberis
651 2987 781 3057 glossema
799 2983 858 3040 est?
927 2993 956 3069 ,4
970 2985 1128 3040 Posthumii
1143 2987 1171 3040 P

123 3151 126 3154 ⁴
146 3056 1170 3209 ,ἀεὶ.76ἶηῑεὸ11ῗμαξῗῖεῗωῗι11;εί(ἇέἵπίἒὲιῗέτμε1ἓ1ἓ11ᾚῗρ1ξ1111411111ρ11111βρ311ἶξ

157 3202 310 3256 Moonmmo
331 3201 469 3269 iopeoa’ose
569 3204 600 3253 15
624 3198 789 3267 incipmntes
816 3197 844 3250 P
941 3203 975 3252 16
998 3197 1113 3253 fuerunt
1128 3199 1168 3252 A:

156 3270 233 3324 fuere
257 3271 286 3325 P
384 3277 416 3324 17
439 3268 540 3352 positis
563 3272 646 3340 (nunc
742 3266 912 3336 ambiuntur)
935 3267 1072 3324 Remoto

157 3346 189 3393 21
209 3341 361 3423 imperasse
379 3341 503 3412 Lymppo
524 3381 575 3398 ...
594 3339 703 3423 auctori
721 3336 907 3408 Freiosheim,
929 3339 993 3395 item
1016 3339 1170 3397 Salmasius

210 3416 243 3464 23
264 3410 398 3466 Gramum
417 3413 445 3466 A
473 3459 482 3473 ,
517 3417 550 3482 27
569 3412 651 3466 huius
670 3410 735 3465 add.
753 3408 890 3464 Ruhnken
