2422 3848
72 169 115 234 82
566 167 591 220 ΙΙ
636 99 645 115 ὓ

74 336 197 405 consilia
220 353 273 395 sua
296 336 438 395 comitatu
461 334 547 412 fugae
572 333 767 410 fortunaeque
792 351 824 394 se
848 335 1013 415 commisit,
1044 352 1092 394 se·

41 433 134 486 amet
161 426 225 503 ipso
254 430 412 483 contentus
440 421 516 481 duce
543 423 681 500 partium.
733 421 845 482 Statius
871 421 1010 504 Murcus,
1039 423 1095 502 qui

73 513 161 573 classi
184 520 213 573 et
236 511 388 572 custodiae
411 512 501 569 maris
524 509 707 591 praefuerat,
734 528 803 570 cum
826 511 908 570 omni
930 512 1095 571 commissa

74 601 130 662 sibi
152 609 237 680 parte
261 601 411 660 exereitus
434 600 611 676 naviumque
627 596 694 658 Sex.
708 597 897 679 Pompeium,
921 597 974 658 Cn.
993 598 1097 678 Magni

73 690 179 770 filium,
212 691 264 766 qui
293 706 329 747 ex
357 686 499 764 Hispania
532 695 687 746 revertens
717 685 848 747 Siciliam
879 688 971 747 armis
1002 698 1121 749 occu-t

43 786 207 858 opaverat,
239 777 333 854 petiit.
383 775 419 834 ad
452 792 541 852 quem
573 782 604 835 et
636 793 651 834 e
679 773 830 836 Brutianis
856 777 965 835 castris
993 782 1026 835 et
1060 793 1099 836 ex

74 866 156 926 ltalia
194 864 317 942 aliisque
354 872 503 923 terrarum
538 862 687 943 partibus,
723 881 798 941 quos
829 865 982 942 praesenti
1014 866 1098 943 peri·

75 954 142 1015 culo
175 954 294 1013 fortuna
323 951 517 1032 subduxerat,
549 953 708 1030 proscripti
738 950 938 1012 confluebant:
981 954 1099 1032 quippe

74 1041 190 1102 nullum
230 1040 409 1101 habentibus
452 1048 561 1100 statum
598 1039 723 1117 quilibet
759 1039 819 1100 dux
856 1047 920 1100 erat
954 1039 1099 1122 idoneus,

75 1150 144 1191 cum
167 1131 287 1190 fortuna
310 1148 370 1189 non
394 1128 570 1189 electionem
593 1127 690 1209 daret,
717 1131 773 1188 sed
798 1128 969 1206 perfugium
993 1135 1098 1190 osten·
1111 1142 1133 1181 ¹0

75 1219 159 1279 deret
197 1217 404 1295 exitialemque
441 1223 649 1294 tempestatem
689 1215 872 1294 fugientibus
908 1217 998 1276 statio
1040 1234 1123 1297 pro·

73 1315 164 1386 portu
185 1307 272 1366 foret.

44 1409 58 1454 1
166 1391 216 1454 73.
270 1392 326 1452 llic
363 1392 538 1453 adulescens
575 1401 639 1453 erat
676 1391 782 1453 studiis
818 1392 916 1472 rudis,
951 1409 1099 1453 sermone

74 1481 234 1562 barbarus,
264 1484 379 1560 impetu
407 1489 561 1561 strenuus,
594 1499 683 1541 manu
710 1488 880 1561 promptus,
912 1481 1098 1559 cogitatione

75 1570 169 1652 celer,
200 1569 258 1629 frde
286 1573 365 1648 patri
392 1569 619 1651 dissimillimus,
648 1568 824 1629 libertorum
851 1587 976 1629 suorum
1004 1568 1132 1630 tiber-u

76 1669 124 1721 tus
156 1675 369 1736 servorumque
403 1676 520 1738 servem,
552 1660 695 1737 speciosis
727 1657 875 1738 invidens,
907 1665 941 1718 ut
972 1664 1099 1737 pareret

46 1748 262 1810 nhumillimis:
308 1764 397 1824 quem
432 1754 552 1806 senatus
588 1764 682 1825 paene
714 1754 796 1806 totus
828 1746 923 1806 adhuc
955 1763 973 1805 e
1006 1744 1098 1807 Pom·

74 1839 187 1915 peianis
220 1843 360 1896 constans
390 1833 525 1913 partibus
558 1842 626 1913 post
654 1835 774 1895 Antonii
801 1853 818 1894 a
845 1834 957 1908 llutina
990 1834 1097 1914 fugam

75 1925 180 1984 eodem
209 1925 259 1984 illo
287 1932 435 2003 tempore,
468 1941 527 2000 quo
560 1921 653 1983 Bruto
686 1921 847 2000 Cassioque
879 1924 1098 1984 transmarinas

75 2014 241 2090 provincias
273 2012 458 2091 decreverat,
495 2018 666 2072 revocatum
698 2030 734 2071 er
764 2010 918 2092 Hispania,
954 2009 1009 2071 ubi
1027 2011 1131 2075 ,ad-20

75 2098 181 2159 versus
215 2117 283 2159 eum
316 2099 513 2160 clarissimum
550 2098 660 2160 bellum
691 2099 785 2159 Pollio
817 2100 938 2159 Asinius
973 2107 1097 2178 praeto-

76 2190 140 2248 rius
167 2195 312 2269 gesserat,
340 2190 371 2247 in
403 2195 526 2266 paterna
558 2187 636 2247 bona
665 2190 839 2248 restituerat
865 2194 896 2247 et
926 2204 998 2247 orae
1032 2206 1096 2249 ma-

45 2279 191 2338 tritimae
226 2277 418 2356 praefecerat.
468 2278 495 2336 is
527 2283 604 2358 tum,
637 2284 671 2336 ut
701 2276 915 2357 praediximus,
947 2284 1097 2355 occupata

77 2365 176 2425 Sicilia
213 2366 331 2425 servitia
367 2366 566 2444 fugitivosque
602 2367 633 2424 in
665 2382 824 2424 numerum
861 2365 1013 2424 exercitus
1046 2365 1097 2426 sui

76 2456 224 2531 recipiens
248 2469 386 2530 magnum
413 2454 535 2514 modum
560 2452 711 2531 legionum
734 2454 872 2512 effecerat
894 2469 1010 2531 perque
1033 2451 1132 2513 lle-u

76 2560 144 2600 nam
167 2548 198 2600 et
217 2538 404 2602 Menecraten
427 2550 569 2621 paternos
591 2540 729 2622 libertoS,
751 2542 919 2620 praefectos
943 2540 1098 2624 classium,

76 2629 239 2689 latrociniis
272 2647 306 2688 ac
337 2629 579 2708 praedationibus
610 2630 749 2690 infestato
777 2631 852 2689 mari
881 2628 917 2689 ad
946 2645 977 2688 se
1007 2647 1096 2690 exer-

77 2719 228 2796 citumque
261 2718 404 2779 tuendum
436 2725 521 2797 rapto
554 2716 707 2799 utebatur,
744 2736 812 2778 cum
847 2735 917 2777 cum
948 2734 1009 2776 non
1042 2716 1096 2778 de-

149 2940 248 2996 isstat
205 2941 291 2996 balius
315 2941 445 2996 Ursinus:
466 2940 561 2994 Staius
580 2940 617 3007 A,
636 2939 728 2994 Staius
749 2940 777 2994 P
855 2939 1017 2995 texeroilu
1034 2940 1098 2994 ΑΡ

132 3018 147 3066 o
165 3012 248 3081 petiit
266 3011 406 3066 Gelenius:
431 3011 504 3080 petit
521 3010 580 3064 ΑΡ
595 3011 599 3078 l
615 3010 652 3065 ad
670 3027 753 3080 quem
772 3013 801 3065 et
819 3027 834 3065 e
855 3011 894 3065 P.
922 3009 1015 3078 adque
1038 3012 1096 3080 <nt-

2 3172 5 3179 ·
77 3083 430 3221 ἓὲθδὲἐήεωθδὲειιῗπέἔϋῗτ.
449 3169 474 3207 a.
496 3081 660 3220 1839833‘?
677 3080 1096 3207 Lilpiosceprpppotpelkfpiugbo

78 3229 111 3276 13
130 3223 233 3277 rudis
225 3241 249 3277 as
269 3238 420 3278 sermone.
436 3224 633 3278 ..strennuus
651 3222 679 3276 A
777 3229 811 3278 14
829 3222 1001 3305 cogitatione
1020 3220 1094 3279 Rue-

77 3310 181 3349 taenea:
200 3293 340 3363 cogitator
352 3293 418 3360 ΑΡ
436 3310 475 3347 ao
493 3293 665 3363 cogitando?
738 3299 771 3349 18
790 3293 936 3348 entoniiA
952 3293 1095 3349 mutinam

79 3365 123 3433 M,
142 3382 189 3420 em.
207 3364 327 3490 BorerA
338 3363 527 3419 Antonianam
545 3363 641 3433 fugam
660 3365 718 3418 ΑΡ
805 3371 839 3420 23
859 3364 945 3419 istum
963 3363 1024 3473 AP

76 3441 111 3487 ‘25
130 3451 181 3504 per
197 3450 281 3503 quem
