2414 3854
133 185 174 249 tc
527 250 532 256 ,
624 186 652 240 Π

131 355 190 412 iam
213 352 315 412 decem
339 360 370 412 et
393 359 507 430 septem
530 351 680 431 legionum
698 359 836 431 potentes
851 360 947 431 erant,
970 353 1144 412 iunctorum

97 462 100 468 ·
134 443 213 501 vires
228 459 309 522 suas,
334 443 359 501 si
373 439 480 500 Caesar
495 442 559 501 eius
573 448 783 519 aspernaretur
798 440 999 520 concordiam,
1018 438 1144 500 diceret·

133 547 191 608 que
220 529 288 608 plus
311 528 468 589 Caesarem
495 530 587 608 patris
615 546 704 607 quam
731 547 763 589 se
787 530 873 590 amici
897 527 1002 588 ultioni
1025 526 1145 588 debere.

102 630 117 678 2
133 625 195 678 tom
217 620 309 696 igitur
331 619 404 677 inita
417 619 567 696 potentiae
582 619 708 678 societas
723 625 753 678 et
775 615 963 677 hortantibus
977 615 1145 676 orantibus-

133 724 190 785 que
218 705 399 766 exercitibus
426 707 505 765 inter
527 704 688 765 Antonium
715 708 804 766 ctiam
831 714 861 766 et
884 704 1039 765 Caesarem
1068 704 1173 766 lactas

132 795 280 873 adfinitas,
308 813 375 855 cum
404 801 484 854 esset
510 795 644 873 privigna
667 793 787 855 Antonii
814 794 990 874 desponsata
1018 791 1144 854 Caesari.

133 882 379 961 consulatumque
402 883 469 943 iniit
487 881 595 942 Caesar
616 883 712 963 pridie
737 900 825 961 quam
847 884 952 962 viginti
975 900 1068 942 annos
1091 884 1144 942 im·

131 971 228 1051 pleret
255 971 370 1032 decimo
397 969 459 1030 Kal.
484 970 630 1031 Octobres
660 990 729 1031 cum
757 971 867 1050 collega
895 971 929 1042 Q.
957 970 1047 1031 Pedio
1077 977 1146 1050 post

132 1059 239 1120 urbem
272 1060 419 1120 conditam
450 1057 585 1136 [abhinc]
623 1061 708 1120 annis
741 1061 936 1139 septingentis
969 1068 999 1120 et
1031 1077 1146 1140 novem,

133 1156 200 1208 ante
224 1148 299 1209 duos
323 1156 352 1209 et
375 1151 575 1228 septuaginta,
598 1166 687 1226 qnam
710 1156 756 1227 tu,
779 1148 816 1208 M.
828 1147 936 1229 Vinici,
960 1146 1146 1211 consulatum
1161 1161 1188 1200 ιο

102 1239 234 1297 3inlres.
269 1236 343 1296 vidit
364 1236 413 1295 hic
437 1254 532 1296 annus
546 1229 728 1316 Ventidium,
751 1255 805 1315 per
829 1254 917 1314 quam
938 1234 1044 1296 urbem
1067 1237 1146 1296 inter

134 1327 264 1404 captivos
291 1324 458 1384 Picentium
486 1325 518 1383 in
545 1322 697 1403 triumpho
725 1323 833 1385 drrctus
861 1332 937 1404 erat,
965 1327 997 1384 in
1020 1342 1054 1384 ea
1077 1343 1146 1384 con·

133 1412 263 1472 sularem
285 1419 468 1490 praetextam
491 1413 664 1490 iungentem
686 1416 842 1491 praetoria.
879 1413 958 1473 idem
980 1412 1029 1472 hic
1044 1420 1147 1493 postea

133 1499 332 1578 triumphavit.

103 1599 116 1645 1
222 1585 274 1649 66.
310 1588 443 1649 Furente
466 1588 572 1648 deinde
596 1589 724 1649 Antonio
748 1588 894 1667 simulque
918 1588 1043 1669 Lepido,
1073 1601 1188 1669 quo-1⁵

133 1696 201 1739 rum
224 1684 364 1759 uterque,
387 1684 421 1737 ut
443 1676 657 1758 praediximus,
680 1676 781 1737 hostes
804 1677 926 1738 iudicati
949 1686 1046 1757 erant,
1077 1695 1147 1738 cum

134 1764 219 1826 ambo
234 1765 354 1826 mallent
377 1764 433 1825 sibi
456 1767 601 1845 nuntiari,
625 1765 696 1843 quid
718 1767 798 1844 passi
822 1773 934 1846 essent,
963 1784 1051 1844 quam
1075 1765 1146 1845 quid

134 1856 327 1933 meruissent,
363 1860 548 1932 repugnante
585 1852 723 1934 Caesare,
767 1853 819 1914 sed
855 1854 967 1914 frustra
1004 1854 1148 1915 adversus

134 1943 222 2022 duoS,
258 1944 456 2002 instauratum
488 1941 601 2002 Sullani
636 1942 763 2021 exempli
800 1942 921 2024 malum,
957 1944 1146 2022 proscriptio.

103 2029 207 2091 anihil
235 2039 296 2090 tam
327 2029 482 2109 indignum
513 2029 563 2089 illo
596 2037 728 2110 tempore
762 2031 831 2112 luit,
863 2048 952 2109 quam
984 2030 1063 2110 quod
1096 2038 1147 2091 aut
1160 2045 1188 2086 eo

134 2118 241 2178 Caesar
265 2118 392 2196 aliquem
415 2116 604 2197 proscribere
627 2126 747 2179 coactus
770 2126 816 2179 est
839 2127 889 2180 aut
912 2117 948 2180 ab
966 2119 1025 2179 ullo
1041 2118 1145 2179 Cicero

133 2209 319 2287 proscriptus
347 2214 402 2267 est.
452 2205 625 2285 abscisaque
653 2206 765 2268 scelere
793 2206 914 2268 Antonii
940 2226 997 2267 vox
1028 2207 1147 2287 publica

134 2304 193 2377 est,
216 2313 285 2356 cum
308 2296 373 2355 eius
397 2294 522 2356 salutem
544 2313 632 2356 nemo
655 2295 849 2376 defendisset,
878 2297 928 2373 qul
950 2314 1006 2375 per
1028 2303 1072 2355 tot
1095 2313 1146 2356 an-

134 2402 189 2444 nos
217 2393 247 2445 et
274 2382 422 2463 publicam
451 2385 576 2445 civitatis
605 2391 635 2444 et
661 2384 805 2462 privatam
833 2386 942 2444 civium
964 2384 1146 2444 defenderat.

103 2472 208 2533 3nihil
233 2480 332 2533 tamen
360 2473 459 2553 egisti,
488 2471 526 2531 M.
548 2471 669 2551 Antoni,
693 2465 787 2552 (cogit
810 2474 890 2532 enim
913 2471 1057 2559 excedere
1079 2490 1148 2552 pro
1161 2486 1189 2527 rs

207 2676 397 2730 liuneburam
415 2675 443 2729 A
515 2676 738 2746 tediiceretque
756 2676 885 2731 Herelius
956 2678 1093 2733 3ultioni
1106 2679 1147 2733 A:

133 2746 241 2800 ultione
258 2747 286 2799 A
305 2762 374 2804 corr.
396 2746 424 2799 P
478 2745 595 2801 4*tnm
612 2747 711 2818 igitur:
729 2749 776 2801 tur
792 2747 858 2814 ΑΡ,
876 2749 938 2802 tum
954 2750 996 2803 cel
1012 2751 1080 2804 tnnc
1099 2751 1149 2818 (sic

133 2819 197 2872 item
214 2834 238 2872 o.
258 2818 275 2871 l.
295 2818 327 2871 c'n
343 2818 383 2882 A)
401 2817 495 2872 Burer
586 2821 706 2888 opacta
723 2818 859 2873 Heinsius
943 2820 1149 2891 odesponeata

133 2888 174 2943 Ar
193 2888 332 2957 desponsa
353 2887 381 2940 P
463 2892 480 2941 8
499 2888 637 2958 collegaq.
655 2888 742 2944 Pedio
761 2891 788 2943 A
870 2896 886 2943 9
906 2889 1008 2945 abhinc
1027 2891 1078 2947 del.
1098 2891 1148 2946 Ge-

134 2960 230 3026 lonion,
249 2959 313 3013 abh.
333 2975 421 3012 annos
442 2957 527 3013 Orelli
538 2958 542 3030 Ι
553 2979 666 3015 nccvrrn
686 2960 827 3015 Gelenius:
846 2961 1149 3028 xccv1111.AP‚ncoxx
1194 2980 1197 2987 ·

133 3030 224 3085 Aldus
279 3036 310 3083 11
330 3029 367 3083 M.
377 3029 540 3084 Ventidium
557 3031 594 3099 A,
612 3032 658 3086 aed
675 3031 713 3084 M.
732 3036 879 3101 carpuneto,
896 3032 960 3098 fort.
978 3031 1009 3085 P.
1023 3031 1107 3087 Vent.

135 3107 168 3156 13
186 3101 344 3171 praetoriae
363 3101 499 3168 Gelenius,
517 3105 549 3154 ut
567 3106 605 3156 est
623 3107 699 3170 924
785 3108 818 3157 16
837 3120 901 3157 cum
920 3102 997 3156 MA:
1016 3118 1101 3170 quom
1122 3102 1151 3155 P

206 3179 242 3227 tt·
252 3173 316 3238 fort.
330 3172 449 3226 malleni
465 3171 607 3227 recordari
622 3174 627 3241 Ι
642 3172 711 3240 quid
722 3174 883 3242 patrassent
896 3173 1016 3242 Sauppe,
1033 3173 1103 3241 quid
1120 3191 1148 3242 p.

134 3245 227 3298 esseni
248 3259 333 3312 quam
354 3242 496 3297 recordari
519 3243 587 3311 quid
608 3248 655 3298 etc.
681 3243 860 3309 hoedorum,-
887 3243 940 3298 loee'
963 3244 1150 3298 obscenissimi

130 3314 286 3381 probabitis
303 3315 454 3368 mundatio
472 3315 595 3368 neodem
611 3315 724 3369 inuenta
742 3320 780 3369 est
871 3319 904 3368 18
922 3313 1091 3369 meruissent
1107 3315 1148 3369 A:

134 3383 317 3438 emeruissent
337 3384 383 3454 Pl
399 3384 531 3439 adversus
550 3385 620 3439 duos
638 3401 689 3441 om.
708 3385 735 3437 A
808 3391 841 3440 21
862 3387 911 3440 ent
928 3384 1006 3441 bullo
1025 3384 1084 3438 ΑΡ

133 3459 167 3509 22
186 3454 367 3522 abscissaque
384 3456 412 3508 A
429 3454 433 3526 Ι
448 3455 564 3524 publica
581 3455 678 3512 andita
696 3458 739 3511 est
755 3457 783 3510 A
